3250 5350
176 437 305 503 lusce.
331 434 414 513 IX.]

338 967 490 1047 Ceres.
519 963 609 1047 III.
665 963 791 1045 Sncr.
820 964 886 1045 ΙΙ.
940 963 1095 1047 lusco.
1124 965 1205 1047 IX.

413 1188 653 1263 MARMOR
683 1186 1031 1261 ELGINlANUM
1065 1190 1128 1261 Vl.

646 1412 738 1469 TAB.
762 1412 909 1471 xxxtlt.

718 1636 849 1683 -ψ-

415 1834 534 1899 Osenn.
587 1832 705 1918 Syllog.
735 1858 767 1918 p.
788 1844 820 1901 8.
873 1832 964 1901 Mus.
982 1834 1054 1900 Cet.
1072 1844 1146 1903 282.

254 1988 403 2073 anus
429 2000 523 2071 inter
549 1998 791 2071 Athenienses
818 2010 856 2071 et
876 2000 1068 2098 Rheginos
1097 2002 1133 2074 in
1163 2001 1231 2073 hoc
1253 2001 1371 2097 lepide

178 2128 353 2224 (Athenis
385 2127 545 2223 reperto)
578 2126 781 2199 exhibetur.
829 2127 916 2199 Jem
953 2128 1179 2201 Viscontius¹
1208 2154 1230 2201 e
1265 2130 1372 2201 Thu·

176 2260 317 2357 cydidis
334 2257 434 2331 loco⁸
451 2258 641 2354 Rheginos
658 2281 740 2328 cum
759 2256 1045 2329 Atheniensibus
1062 2259 1214 2353 antiquo
1230 2260 1372 2332 foedere

167 2391 322 2501 junctos
340 2409 419 2458 esse
437 2384 606 2458 ostendit.
657 2384 751 2457 Cum
779 2394 901 2455 autem
918 2385 978 2456 vix
1000 2385 1149 2457 dubium
1163 2385 1210 2457 sit
1227 2388 1315 2483 quin
1333 2389 1372 2459 in

177 2538 359 2587 marmore
388 2522 510 2585 nostro
537 2512 727 2609 Apseudes
749 2513 896 2584 Archon
924 2521 1153 2598 memoretur,
1182 2513 1373 2607 Apseudes

177 2654 301 2718 nutem
320 2646 380 2718 01.
395 2668 548 2718 nxnvr.
566 2658 599 2716 t.
623 2642 766 2715 Archon
782 2651 889 2728 esset,
907 2640 1124 2714 illodedun
1141 2665 1239 2716 enno
1252 2643 1372 2716 foedus

177 2785 407 2860 renovatum,
434 2783 472 2845 et
495 2783 656 2844 nostrum
685 2793 840 2842 marmor
865 2768 1076 2864 inscriptum
1103 2795 1184 2844 esse
1206 2774 1371 2847 arbitror.

178 2915 226 2986 In
262 2935 438 2984 marmore
468 2919 588 2983 eutem
623 2910 716 2980 adeo
744 2905 869 2998 mutilo
899 2906 1035 3002 aliquid
1067 2931 1134 3004 pro
1161 2919 1260 2984 certo
1284 2935 1371 2985 ven·

177 3044 297 3116 ditare
317 3041 566 3138 periculosum
593 3047 700 3110 esset.

258 3169 428 3241 Osannus
472 3167 744 3261 inscriptionem
778 3167 968 3238 restituere
1001 3177 1153 3239 conotus
1200 3180 1267 3257 est,
1312 3172 1372 3244 cui

177 3311 303 3372 temen
328 3297 483 3394 pessime
509 3317 566 3368 res
588 3295 706 3368 cessit.
751 3292 807 3365 tte
830 3293 946 3388 prime
971 3295 1081 3367 verbe
1106 3296 1207 3394 tegit.

256 3463 266 3498 ι
292 3429 355 3513 τὴν
372 3429 560 3522 ξυμμαχίαν
581 3431 648 3497 τῶν
668 3425 839 3509 Ἀθηναίων
859 3426 912 3494 καὶ
933 3429 1001 3494 τῶν
1023 3431 1174 3518 Ρηγίνωυ
1191 3426 1375 3526 Κλέανδρος

179 3566 372 3656 Ξενοφίλου
387 3613 510 3630 ......
525 3564 666 3650 Ρηγῖνος
696 3556 848 3641 Σειληνδς
874 3563 981 3626 Φυκο.
997 3612 1004 3627 .
1018 3609 1028 3628 .
1042 3559 1097 3630 ixi
1119 3557 1289 3652 Ἀψσῦδους
1317 3560 1374 3658 dp·

176 3725 299 3792 χουτυς
334 3685 532 3786 Κυκροπίδος
565 3687 827 3784 πρυτανευούσης
860 3683 1013 3770 Σωτάδης
1045 3695 1175 3783 πρῶτος
1204 3693 1373 3788 dymni.

177 3855 318 3893 τευεν..
338 3816 486 3910 ..ἔδοξεν
508 3824 554 3920 τῇ
578 3819 686 3916 βουλῇ
713 3819 765 3887 καὶ
792 3816 841 3905 τῷ
864 3813 950 3907 δήμῳ
974 3817 1150 3900 Ἀθηναίων.

258 3950 307 4019 At
342 3946 466 4019 debuit
503 3947 624 4019 videre
659 3945 829 4016 Osennue
869 3943 1000 4032 nuliius
1039 3944 1201 4042 Rhegini
1240 3969 1372 4020 nomen

179 4087 219 4155 in
246 4082 342 4151 hunc
370 4079 489 4151 locum
513 4077 614 4175 injici
640 4099 757 4170 posse,
783 4100 864 4147 cum
889 4075 1079 4146 manifesto
1103 4076 1163 4146 hic
1188 4077 1372 4150 decretum

76 4273 80 4282 .
179 4209 305 4306 populi
333 4208 377 4279 de
417 4207 557 4279 foedere
592 4227 672 4276 cum
704 4204 886 4301 Rheginis
920 4203 1114 4274 sanciendo
1144 4215 1372 4282 memoretur.

223 4407 384 4465 ¹Visconti
420 4401 489 4463 Two
528 4403 675 4474 hiemum,
702 4403 755 4458 dec.
849 4399 1008 4476 ’'shucyd.
1030 4400 1083 4459 111.
1107 4399 1154 4459 86.
1200 4403 1247 4463 cf.
1271 4421 1376 4480 quoque

183 4523 212 4577 p.
234 4509 299 4560 158.
809 4494 1008 4568 'sbucyt.v1.
1025 4499 1073 4562 50,
1089 4499 1136 4553 51.
