3250 5350
845 457 913 516 144
1242 448 1393 540 [Crass.
1413 452 1477 517 111.

286 647 332 696 ne
361 645 454 720 apex
488 623 632 720 quidem
661 632 725 694 aut
751 623 835 696 addi
858 633 924 696 aut
952 623 1049 696 demi
1078 633 1209 718 posset.
1266 620 1478 696 Biickhius¹

284 763 410 826 contra
437 753 563 825 formae
597 751 796 825 efficiendae
830 752 992 848 pulchrae
1025 775 1136 825 causa
1173 752 1298 825 titulos
1331 753 1385 823 ita
1419 751 1477 824 in-

285 881 433 975 scriptos
471 902 550 953 esse
583 879 717 964 statuit,
758 888 796 952 et
829 880 927 952 hune
964 903 1098 952 morem
1115 879 1232 951 'haud
1269 888 1479 951 constanter

285 1009 420 1082 serrari
451 1009 562 1081 addit.
614 1007 754 1080 Contra
783 1008 955 1082 Osaunus
987 1008 1124 1082 nulium
1156 1010 1311 1104 lapidem
1341 1034 1383 1083 se
1416 1034 1479 1083 ex-

283 1140 460 1212 aminasse
495 1137 647 1210 affirmat
680 1141 787 1232 “quo
826 1148 913 1211 ante
956 1137 1141 1210 Christum
1184 1148 1319 1231 natum,
1356 1139 1479 1234 posito

283 1270 411 1341 litterae
440 1267 592 1340 confuso
619 1265 748 1337 ordine
778 1289 817 1336 se
848 1265 1073 1361 exceperint,
1098 1265 1173 1339 oiri
1194 1266 1368 1340 turbatur
1391 1267 1479 1341 ordo

278 1397 468 1492 propriam
493 1397 533 1468 in
566 1419 605 1467 se
631 1392 902 1466 excusationem
931 1391 1088 1478 debean
1122 1396 1219 1491 quod
1240 1416 1329 1469 cave
1357 1420 1406 1467 ne
1429 1397 1479 1468 ita

282 1526 435 1620 accipias
468 1548 511 1598 ac
542 1523 572 1595 si
611 1523 770 1619 ejusdem
804 1521 896 1593 tituli
930 1543 1056 1595 versus
1088 1521 1289 1595 litterarum
1319 1546 1476 1596 numero

283 1676 407 1726 omnes
440 1651 508 1724 sibi
542 1671 646 1745 pares
679 1649 790 1721 fuisse
824 1649 987 1721 dixerim.
1041 1649 1188 1724 Etenim
1222 1673 1477 1745 saepenumero

283 1779 424 1866 accidit,
460 1789 500 1850 ut
534 1800 657 1850 versus
698 1800 771 1874 una
802 1777 990 1851 duabusve
1029 1777 1157 1850 litteris
1188 1777 1301 1850 altero
1331 1778 1480 1877 longior

283 1909 363 1980 sit.”
415 1907 465 1978 At
491 1905 529 1976 in
562 1903 729 1977 omnibus
758 1927 830 2002 ego
859 1903 963 1977 aliter
980 1903 1109 2001 judico
1138 1928 1182 1977 ac
1213 1905 1269 1977 vir
1297 1905 1476 1992 eruditus,

283 2039 339 2114 vel
363 2037 485 2110 saitem
514 2037 582 2108 hoc
610 2058 718 2130 pono,
738 2035 933 2131 propriam
955 2035 1062 2108 dum
1088 2036 1355 2109 mmmmm
1378 2059 1477 2132 saepe

284 2167 432 2264 reperiri
456 2189 573 2262 posse.
619 2163 695 2238 Res
720 2163 817 2235 enim
845 2185 954 2257 quam
985 2187 1024 2236 se
1052 2187 1238 2260 nunquam
1264 2163 1476 2238 observasse

214 2377 216 2383 s
283 2309 435 2371 testatur
462 2296 516 2368 vir
547 2292 720 2382 eruditus,
745 2317 819 2390 ego
852 2315 948 2387 saepe
982 2294 1183 2375 observari,
1221 2319 1254 2366 e.
1270 2319 1311 2391 g.
1347 2293 1388 2365 in
1421 2295 1475 2366 in·

282 2425 475 2519 scriptione
501 2421 702 2496 Chois.1.‘
729 2421 879 2508 Contra,
905 2419 944 2492 in
972 2419 1070 2493 nullo
1088 2443 1265 2494 marmore
1292 2420 1474 2518 στοιχηδόν

282 2555 367 2628 dnte
393 2551 578 2628 Euclidem
592 2549 739 2644 'scripto
766 2548 834 2642 (nil
863 2571 982 2622 moror
1001 2549 1099 2620 enim
1125 2560 1189 2620 aut
1210 2549 1382 2634 carmina,
1407 2560 1470 2622 aut

283 2686 470 2760 nominum
505 2681 710 2780 Cataiogos)
746 2681 816 2752 nisi
831 2778 834 2784 Ι
848 2680 885 2752 in
923 2681 993 2753 hoc
1023 2690 1146 2753 nostro
1174 2680 1344 2775 impares,
1371 2684 1469 2781 quod

281 2817 461 2888 literarum
489 2836 675 2887 numerum
702 2812 845 2898 attinet,
869 2812 982 2886 tineas
1008 2836 1088 2887 esse
1110 2814 1354 2888 animadverti.

668 3020 676 3053 ¹
700 3022 807 3080 aoth.
823 3024 905 3081 rom,
917 3024 954 3082 11.
976 3045 1003 3100 ρ.
1018 3032 1087 3083 214.
