3250 5350
421 993 574 1076 Onnes.
602 993 694 1076 III.
748 995 899 1078 Inscn.
924 999 1032 1082 VII.

268 1235 536 1312 MARMOR
577 1235 1090 1316 CHOISEULIANUM
1133 1243 1183 1318 ii.

638 1469 732 1531 ΤΑΒ.
753 1470 825 1532 XX.

664 1689 798 1742 -4-

208 1890 402 1979 Fnonunrr
462 1905 648 1981 marmoris
697 1907 948 1984 Choiseuliani
998 1907 1189 2008 exscripsit
1238 1911 1328 1988 Bar·

145 2032 352 2124 thelemiuo;
376 2045 520 2134 tergum
547 2061 695 2136 qnoque
724 2039 904 2137 sculptum
933 2063 1013 2114 ease
1046 2041 1143 2114 haud
1169 2043 1330 2118 animad-

144 2177 299 2242 verterat.
352 2168 397 2241 In
416 2179 522 2270 tergo
539 2145 659 2246 eutem
683 2171 766 2246 duae
783 2184 869 2246 sunt
886 2173 1150 2268 inscriptiones,
1174 2200 1326 2275 quarum

144 2293 344 2373 inferiorern
381 2321 481 2373 nunc
509 2324 592 2374 cum
628 2299 744 2375 doctis
776 2303 1016 2392 communico,
1049 2327 1131 2378 cum
1166 2307 1327 2404 ejusdem

143 2451 246 2527 prope
262 2433 380 2506 astatis
396 2431 444 2505 sit
466 2456 510 2505 ac
531 2431 592 2505 illa
617 2455 700 2528 quoe
726 2433 839 2507 fronti
862 2430 1049 2506 marmorio
1066 2434 1256 2509 commissa
1272 2439 1329 2513 ait.

143 2558 270 2638 Eadem
283 2587 433 2663 quoque
449 2561 636 2662 utriusque
653 2563 831 2649 materies,
848 2560 917 2635 niai
930 2564 1029 2661 quod
1043 2561 1081 2636 in
1094 2563 1162 2638 bac
1176 2563 1328 2667 inscrip-

144 2697 233 2775 tione
264 2725 310 2775 ce
339 2710 481 2775 tantum
515 2702 720 2789 tradantur,
753 2724 837 2799 quas
864 2696 975 2773 unius
1004 2698 1145 2773 Tribus
1178 2700 1327 2802 (Erech-

143 2827 274 2903 tbeidos
297 2830 366 2903 sub
384 2828 539 2927 imperio
560 2830 771 2903 factasunt.
824 2827 898 2902 Sed
919 2828 1042 2901 omnia
1057 2830 1328 2908 accuratissime

142 2960 351 3035 scribuntur.
409 2959 500 3035 Non
527 2970 666 3035 tantum
693 2960 880 3062 Prytanioe
906 2962 995 3051 dica,
1023 2964 1089 3035 aed
1116 2964 1194 3038 dica
1219 2968 1327 3041 etiam

144 3097 266 3170 mensis
294 3119 451 3196 quocum
475 3096 656 3183 convenit,
683 3105 912 3169 memoratur.

207 3228 348 3302 Tribus
379 3224 569 3300 Erectheis
598 3244 683 3321 quas
708 3247 885 3298 marmore
916 3225 1092 3323 superiori
1122 3251 1219 3303 nona
1252 3242 1330 3307 erat

141 3355 268 3447 ordine,
296 3356 357 3429 bic
383 3354 542 3429 secunda
566 3364 631 3427 est.
682 3352 793 3426 Unde
816 3354 940 3426 omnia
964 3378 1048 3451 quae
1074 3356 1120 3429 de
1145 3354 1327 3433 Tribuum

140 3490 259 3564 ordine
291 3500 395 3562 tanta
428 3484 659 3563 vehementia
692 3482 968 3581 disputaverunt
1000 3484 1195 3563 V.V.D.D.
1223 3492 1329 3565 nauci

143 3642 219 3694 csse
248 3621 335 3695 aetia
364 3628 517 3692 constat.
571 3616 673 3690 Ordo
704 3616 863 3689 tribuum
893 3615 1015 3690 foranu
1043 3618 1196 3717 singuiis
1224 3624 1329 3696 aunis

139 3764 230 3827 sorte
255 3751 559 3828 constituebatur.

209 3886 357 3959 Annum
375 3906 448 3981 quo
461 3883 541 3955 haec
558 3880 727 3955 marmori
742 3880 874 3953 tradita
886 3891 971 3954 sunt
984 3881 1231 3956 intercalarem
1249 3908 1329 3959 esse

138 4012 172 4087 in
189 4024 316 4113 aperto
332 4026 399 4087 eat.
438 4014 483 4087 iu
502 4036 624 4085 mense
642 4012 740 4085 enim
755 4010 1066 4085 Hecatomboeone
1082 4035 1105 4082 a
1121 4033 1194 4106 quo
1209 4036 1328 4087 annus

138 4147 410 4222 Atheniensium
433 4146 547 4221 civilis
565 4144 820 4221 exordiebatur
835 4143 984 4245 triginta
1002 4142 1079 4217 dies
1100 4154 1215 4232 erant,
1241 4153 1278 4217 et
1296 4146 1327 4219 ai

137 4278 246 4371 prima
272 4276 449 4377 Prytanis
469 4274 619 4376 triginta
643 4285 681 4348 et
702 4284 785 4349 octo
804 4274 882 4349 dica
908 4273 1128 4363 continebat,
1156 4279 1327 4352 sccundus

137 4404 319 4511 Prytaniae
335 4410 471 4508 primus
491 4408 567 4482 dies
587 4429 705 4481 nonus
725 4416 823 4481 esset
837 4404 915 4479 dies
933 4404 1067 4481 mensis
1083 4403 1322 4508 Metageitni-

137 4544 223 4619 onis.
276 4544 378 4643 Ergo
395 4541 684 4641 septendecimus
701 4542 734 4640 ej
741 4541 865 4614 usdem
882 4538 1066 4636 Prytanire
1083 4540 1158 4616 dies
1175 4540 1214 4613 in
1230 4539 1325 4615 iilius
