3250 5350
265 509 286 556 x
372 503 377 510 “
690 507 1036 560 annuutiamus.

270 660 484 732 sententiam
513 670 660 732 tuantur
677 683 789 756 quare
817 687 892 735 rem
920 665 972 736 ita
997 689 1036 736 se
1059 667 1195 738 lrabere
1212 665 1469 749 concedamus,

272 787 339 858 nisi
364 791 461 882 quod
486 787 629 887 Pelasgi
652 793 906 876 πολυπλάνητα
924 793 1036 866 fuisse
1053 795 1233 880 dieantur,
1257 817 1327 868 vox
1344 802 1467 862 autem

274 921 413 1018 Phaleg
445 921 659 994 divisionem
697 935 811 995 sonet.
865 917 958 1013 Quis
989 937 1110 996 autem
1153 934 1347 1020 propterea
1380 943 1469 991 sana

273 1059 391 1140 mente
423 1051 591 1143 praeditus
627 1059 647 1089 “
666 1051 862 1150 Pelasgos¹
896 1077 920 1124 a
954 1052 1104 1148 Piculeg
1138 1065 1177 1126 et
1206 1053 1357 1126 Graecos
1392 1049 1468 1122 sire

273 1182 406 1277 Γραιούς
436 1201 458 1252 a
503 1177 662 1275 erugur
703 1183 819 1254 dictos
860 1207 940 1256 esse
981 1195 1121 1256 certam
1147 1185 1268 1280 fldem
1308 1207 1389 1256 esse
1422 1205 1468 1252 ec

269 1309 425 1402 nominis
443 1309 574 1382 indicio
595 1323 632 1382 et
650 1333 688 1383 re
705 1314 806 1407 ipsa”
826 1312 1088 1386 contenderet?
1124 1323 1150 1351 “
1162 1313 1336 1408 Aliquid⁹
1360 1310 1465 1383 Gree-

269 1463 329 1510 cos
347 1440 563 1514 inaudivisse
580 1442 625 1513 de
648 1439 688 1513 N
691 1444 793 1514 oachi
813 1443 1031 1541 cataclysmo
1052 1443 1155 1538 quasi
1174 1467 1240 1538 per
1257 1443 1464 1540 caliginem,

238 1579 379 1665 ,atque
409 1575 614 1663 (uteorum
648 1595 723 1644 mos
746 1585 825 1644 erat
854 1575 976 1646 omnia
1004 1575 1050 1645 ad
1078 1597 1118 1646 se
1145 1595 1275 1665 rapere
1299 1593 1377 1664 prta
1403 1590 1465 1643 va·

183 1689 186 1698 ’
267 1700 380 1772 nitate
398 1711 435 1771 et
448 1701 546 1773 inani
566 1703 681 1801 gloria
698 1725 781 1799 quae
798 1703 948 1776 aliorum
968 1706 1105 1796 essent)
1124 1703 1222 1798 quod
1239 1701 1286 1772 de
1304 1699 1466 1771 Noaclro

267 1855 351 1903 vera
368 1845 523 1906 etsacra
540 1833 684 1907 tradidit
703 1833 863 1918 historia,
886 1836 932 1906 dc
949 1857 1015 1905 suo
1034 1833 1228 1905 Phoroneo
1247 1851 1464 1904 memorasse

268 1962 565 2057 Peloponnesios,
583 1963 628 2034 de
644 1987 709 2037 suo
726 1965 951 2036 Deucalione
962 1964 1162 2061 Pelasgos'’
1177 1961 1325 2033 minime
1341 1985 1363 2030 a
1376 1983 1464 2031 nero

266 2093 422 2165 alienum
445 2105 509 2166 est.
564 2094 654 2183 Quia
678 2107 798 2166 autem
824 2104 1015 2189 propterea
1032 2095 1200 2165 crederet
1220 2090 1325 2163 aliam
1348 2089 1462 2164 tuisse

266 2222 543 2316 cataclysmum³
576 2245 659 2318 quae
689 2224 865 2320 Pelasgos
894 2248 1022 2295 omnes
1049 2224 1086 2294 in
1117 2224 1372 2317 Peloponneso
1400 2223 1462 2293 de·

263 2362 393 2449 gentes
426 2345 613 2425 obruerit?
654 2354 746 2443 Quis
775 2365 967 2448 propterea
1000 2354 1209 2448 Apollodori
1244 2353 1385 2424 fabulas
1414 2355 1462 2424 de

263 2505 348 2555 arca
379 2481 614 2556 Deucalionis
646 2486 782 2557 seriore
809 2495 916 2556 aetate
942 2483 1115 2556 conlictas
1141 2495 1189 2569 et,
1222 2486 1340 2581 quoad
1373 2505 1461 2555 con-

257 2613 400 2711 jectura
428 2614 601 2711 augurari
631 2613 750 2699 liceat,
782 2639 804 2685 a
832 2638 917 2688 vera
944 2613 1092 2686 historia
1120 2615 1362 2709 depromptas,
1392 2637 1462 2710 pro

262 2744 423 2837 antiquae
448 2744 605 2813 Graeciae
636 2743 879 2813 monumentis
911 2739 1139 2813 venditaret?
1189 2742 1272 2814 Hoc
1302 2763 1375 2815 non
1405 2754 1462 2815 est

262 2871 444 2942 historiam
474 2870 632 2940 scribere
659 2870 722 2941 sed
751 2870 924 2941 lectorum
951 2868 1127 2963 patientia
1148 2871 1261 2944 abuti.
1314 2872 1462 2961 Quanto

266 3001 391 3075 melius
408 3000 522 3095 palam
541 3000 795 3093 profiteremur
810 2998 900 3069 nilril
917 2999 1007 3070 certi
1025 3002 1179 3095 proferri
1196 3025 1314 3096 posse,
1334 3013 1370 3074 et
1383 3003 1461 3074 lon·

263 3132 411 3230 ginquae
428 3128 617 3202 vetustatis
635 3128 821 3200 historiam
838 3128 946 3222 plane
965 3129 1146 3200 caecutire.
1176 3130 1334 3201 Caecutit
1350 3132 1461 3219 certe,

211 3292 217 3299 ·
263 3264 380 3335 donec
411 3259 509 3332 aliud
538 3260 716 3354 quoddam
748 3260 869 3330 lumen
896 3260 1056 3343 accedat,
1088 3282 1158 3331 nec
1184 3260 1264 3356 ipsa
1293 3286 1359 3356 per
1380 3286 1460 3336 sese

262 3398 399 3494 aliquid
436 3394 613 3490 prolicere
655 3402 785 3488 potest.
846 3391 919 3462 Sed
963 3390 1103 3463 ratione
1146 3402 1183 3463 et
1228 3392 1461 3488 philosophia

265 3532 358 3602 irata
386 3534 496 3620 atque
524 3522 650 3594 innixa
673 3544 711 3594 se
736 3520 933 3616 paullulum
962 3521 1091 3592 attollit
1100 3548 1111 3607 3
1139 3544 1161 3591 e
1187 3521 1319 3593 fabulis
1345 3526 1461 3618 quod-

264 3682 409 3755 cunque
426 3678 549 3728 verum
569 3655 614 3725 sit
630 3650 862 3748 amplectitur
878 3652 1119 3749 reliquiasque
1134 3653 1262 3725 inanes
1279 3655 1406 3754 rejicit.
1423 3666 1462 3727 et

265 3812 385 3863 rerum
415 3785 657 3859 recentiorum
686 3793 798 3883 atque
830 3782 993 3855 indubiae
1019 3784 1103 3869 fidei
1129 3808 1198 3879 ope
1227 3788 1274 3858 de
1298 3788 1462 3860 obscuris

264 3932 377 4015 atque
390 3916 548 4012 antiquis
557 3914 738 4013 judicans,
757 3914 808 3985 ita
824 3915 968 3986 demum
985 3915 1167 4013 intelligit,
1187 3917 1249 3989 ubi
1266 3918 1459 3991 Historicia

264 4047 446 4123 veteribus
465 4046 552 4117 lldes
567 4046 612 4117 sit
629 4044 807 4131 habenda,
834 4045 896 4117 ubi
914 4048 1093 4144 neganda.
1145 4046 1228 4119 Hoc
1245 4050 1351 4121 modo
1370 4049 1459 4121 His·

266 4178 370 4251 toria
392 4174 504 4249 veteri
525 4195 635 4269 opera
660 4174 779 4245 danda
798 4182 857 4245 eat
879 4184 944 4246 aut
965 4175 1100 4246 frustra
1115 4174 1270 4264 dabitur,
1299 4201 1368 4250 nec
1385 4178 1459 4250 col-

307 4445 315 4474 ¹
338 4442 458 4499 Salmas.
469 4440 502 4497 de
513 4438 625 4498 Hellen.
638 4458 664 4512 p.
675 4442 744 4495 342.
768 4439 836 4496 Stil·
926 4438 937 4468 ¹
958 4438 1079 4496 Salmas.
1094 4439 1127 4495 de
1141 4436 1253 4498 Hellen.
1274 4460 1302 4515 p.
1316 4446 1386 4501 812.

267 4540 396 4617 linglleet.
409 4536 489 4612 Orig.
505 4536 583 4593 Sacr.
597 4543 624 4592 4.
644 4542 710 4591 111.
732 4552 792 4607 cap.
807 4542 835 4592 4.
926 4532 938 4563 ³
958 4534 1000 4592 ld.
1022 4532 1086 4591 ibid.
1109 4552 1137 4607 p.
1151 4538 1220 4593 300.
