3250 5350
280 491 317 562 lx
684 519 1027 568 rnonnoounun.

280 683 350 744 est.
395 672 468 743 Sed
498 671 639 744 interim
672 672 887 745 Reinesius¹
925 672 1236 767 “Inscriptionum
1275 669 1474 765 Syntagma

285 802 329 871 ad
387 799 535 870 Gruteri
584 800 873 894 supplementum
887 806 909 831 ’⁹
972 797 1106 893 Lipsiae
1158 808 1195 868 et
1243 791 1477 868 Francot’urti

286 953 320 1000 s.
347 955 380 1000 n.
416 927 523 1000 1682.
556 930 726 1002 ediderat.
780 931 956 1002 Ediderat
989 952 1136 1026 quoque
1169 951 1269 999 suam
1302 925 1475 1020 Syllogen

286 1056 556 1150 inscriptionum
604 1058 731 1129 eodem
786 1056 934 1128 consilio
975 1081 1009 1128 A.
1044 1085 1079 1130 n.
1117 1066 1224 1143 1700.
1269 1049 1477 1146 Rsphaeles

285 1186 512 1258 Fabrettus².
565 1186 826 1281 Inscriptiones
867 1209 956 1281 quas
996 1186 1138 1258 Gudius
1168 1184 1363 1279 collegerat
1396 1177 1477 1273 ipse

284 1315 380 1384 baud
411 1314 533 1397 edidit,
562 1315 625 1384 sed
655 1312 844 1386 Hesselius
879 1311 1090 1385 Leovardiae
1111 1321 1218 1397 1731:
1263 1308 1361 1378 lnter
1396 1304 1477 1398 plu-

283 1445 391 1516 rimas
421 1445 570 1516 latinas
591 1445 653 1517 vix
682 1446 807 1516 decem
837 1444 986 1514 Graecas
1019 1444 1071 1536 (et
1096 1466 1158 1512 ess
1188 1438 1320 1510 nullius
1351 1433 1477 1529 pretii)

284 1569 456 1640 videmus.
499 1569 542 1639 ln
573 1568 801 1641 praefationis
831 1577 951 1638 autem
983 1565 1184 1661 appendice
1212 1560 1377 1657 plurimae
1404 1566 1478 1628 sta·

283 1711 437 1771 tuuntur
454 1701 607 1780 Graecae,
633 1722 654 1769 e
682 1698 814 1791 quibus
837 1697 924 1767 alias
948 1698 1073 1791 (atque
1100 1694 1194 1766 inter
1224 1716 1285 1764 eas
1300 1687 1395 1762 Teia
1417 1687 1479 1758 illa

284 1836 516 1897 monuments
550 1850 573 1896 a
599 1822 801 1897 Chishullio
835 1823 1018 1920 evulgata)
1048 1821 1090 1892 C.
1112 1821 1160 1892 Α.
1183 1820 1365 1901 Dukerus,
1388 1819 1479 1889 alias

282 1954 451 2027 Justinus
479 1954 524 2026 de
548 1953 761 2047 Hocbepied
780 1951 997 2024 Batavorum
1023 1952 1189 2047 Smyrnae
1213 1949 1477 2045 negotiantium

283 2084 434 2170 Consul,
458 2083 545 2154 alias
572 2086 627 2176 (et
650 2081 832 2154 intereas
857 2080 1023 2152 Marmor
1049 2079 1217 2174 Sigeum)
1244 2076 1479 2148 Hermannus

285 2218 432 2288 Vander
458 2215 574 2289 Horst
596 2217 741 2288 Batavis
768 2219 933 2311 Smyrnae
956 2238 979 2286 a
1005 2214 1114 2287 sacris
1137 2212 1302 2285 Hesselio
1331 2214 1478 2284 dedere.

286 2343 369 2434 Qua
402 2345 543 2416 incuria
585 2369 670 2416 usus
714 2346 759 2416 sit
805 2343 1121 2428 Vanderhorstius,
1161 2323 1207 2414 ex
1241 2341 1479 2437 inscriptione

284 2475 425 2545 decima
455 2448 539 2545 satis
575 2482 683 2569 patet.
754 2472 890 2542 Eodem
929 2495 1026 2541 anno
1069 2467 1182 2541 Donii
1218 2469 1479 2562 Inscriptiones

283 2603 464 2699 Antiquos
498 2599 631 2675 Gorius
668 2600 862 2673 Florentiae
893 2598 1014 2670 edidit.
1071 2598 1212 2669 Donius
1244 2598 1479 2670 Florentinus

283 2744 362 2805 erat
389 2733 501 2804 nobili
530 2744 641 2830 gente
668 2733 833 2829 insignis,
862 2732 1026 2802 doctrina
1054 2731 1243 2828 insignior.
1297 2730 1478 2827 Magnam

284 2861 556 2955 inscriptionum
576 2860 723 2931 molem³
740 2868 980 2944 contraxerat,
999 2872 1149 2955 querum
1168 2860 1351 2953 plurimas,
1369 2870 1481 2932 antea

284 3010 392 3083 quam
411 2986 486 3079 ipse
509 2986 615 3061 edere
633 2996 765 3079 posset,
784 2986 965 3081 evulgavit
983 2986 1171 3058 Gruterus.
1215 2986 1345 3059 Tertia
1357 2997 1481 3059 tamen

283 3112 362 3185 fere
379 3139 462 3211 pars
484 3112 598 3186 Donii
619 3112 932 3185 collectaneorum
956 3114 1152 3186 Gruterum
1176 3115 1343 3200 latuerat,
1369 3138 1481 3212 quam

283 3244 422 3319 Gorius
449 3245 624 3318 edendam
653 3244 799 3315 curavit.
851 3244 966 3332 Quam
995 3255 1160 3339 corrupte
1187 3246 1298 3316 multa
1325 3247 1485 3319 ediderit

285 3374 544 3471 epigrammata
563 3396 583 3442 e
602 3371 741 3442 duobus
759 3368 931 3463 exemplis
948 3368 1095 3464 patebit.
1139 3370 1314 3467 Legimus
1341 3371 1378 3442 in
1408 3372 1484 3443 hoc

285 3502 424 3595 opere⁴‚

329 3757 337 3787 ¹
359 3757 404 3813 lta
429 3757 461 3814 de
485 3757 614 3815 Reinesio
634 3759 763 3815 lllaffeius
778 3762 857 3833 (Art.
909 3760 945 3815 ob
964 3760 1116 3815 immutata
1131 3766 1161 3813 et
1180 3758 1275 3815 addita
1294 3757 1407 3815 arbitrio
1428 3777 1486 3815 suo

289 3847 360 3905 Crit.
390 3848 489 3922 Lepid.
516 3850 576 3907 Lib.
593 3868 648 3908 111.
673 3870 697 3907 c.
719 3858 747 3908 4.
774 3854 796 3920 ξ.
813 3855 858 3927 2.)
910 3857 1007 3921 rerba,
1027 3854 1206 3910 veldemta.”

291 3945 390 4001 “Acri
403 3944 512 4018 ingenio
525 3946 578 4015 vir,
601 3955 629 4003 ot
650 3946 775 4002 lectionis
789 3944 860 4013 mul·
949 3933 960 3961 ¹
983 3946 1099 4001 Caeteris
1123 3944 1329 4003 collectionibus
1356 3946 1488 4004 Fabretti

288 4037 399 4111 tiplicis,
428 4036 524 4093 critico
550 4040 648 4109 etiam,
676 4040 747 4113 quod
775 4040 861 4095 verba
912 4039 1046 4114 Syllogen
1073 4047 1206 4111 prestare
1236 4039 1319 4095 docet
1349 4038 1488 4097 Maffeius

289 4140 406 4203 spectat,
433 4130 558 4186 maxime
585 4131 693 4205 pollens
722 4130 860 4208 acumine,
911 4133 982 4206 quod
1017 4131 1116 4205 spuriis
1149 4131 1373 4205 inscriptionibus
1402 4131 1487 4187 haud

290 4222 436 4295 praealtam
449 4222 627 4279 nihilominus
637 4223 793 4297 spuriomm
805 4224 861 4297 epi·
910 4233 1024 4280 scateat.
1044 4227 1109 4280 Art.
1125 4224 1194 4280 Crit.
1209 4224 1278 4297 Lap.
1293 4241 1349 4281 111.
1363 4231 1391 4287 4.
1404 4229 1433 4279 4.

292 4324 482 4389 grammatum
495 4326 599 4372 struem
612 4317 759 4386 congessit.
783 4316 859 4385 Quin
950 4313 1077 4369 ³Gorius
1104 4314 1133 4369 in
1162 4313 1326 4372 Praet'atione
1353 4314 1486 4373 Donium

291 4408 367 4467 haud
388 4407 572 4481 infrequenter
593 4411 620 4465 in
646 4410 769 4485 genuinis
794 4411 860 4484 ipsis
911 4408 991 4466 6000
1005 4410 1197 4487 inscriptiones
1211 4413 1355 4491 collegisse
1369 4413 1446 4471 dicit.

290 4506 326 4561 ab
349 4504 401 4558 hoc
416 4510 528 4560 auctore
542 4506 675 4562 exhibitis
700 4506 776 4562 labat
793 4506 860 4561 tides
951 4504 962 4534 ⁴
979 4504 1053 4564 Don.
1067 4508 1196 4581 Inscript.
1217 4529 1245 4584 p.
1265 4514 1333 4567 150.
1446 4536 1464 4545 ··
