3250 5350
163 473 291 540 isson.
315 469 395 545 HL]
746 479 789 553 17

237 645 405 720 Marmor
437 657 617 745 repertum
649 657 706 720 est
737 669 839 720 anuo
875 653 982 733 1763,
1017 641 1055 715 iu
1088 641 1170 715 loco
1201 639 1355 738 quodem

163 775 358 852 leocadiae
394 780 455 852 cui
489 805 619 853 nomeu
656 779 856 864 Calterimi,
896 800 1008 874 prope
1046 799 1155 873 quem
1193 771 1358 870 reliquiae

161 939 312 1011 operum
347 920 445 1016 quod
474 918 579 992 siunt
613 920 880 1017 Cyclopeorum
908 911 1064 989 extaut¹.
1116 911 1237 985 Hodie
1262 911 1358 1007 apud

164 1047 462 1146 Petrizzopuium
490 1062 708 1124 asservatur.
760 1051 860 1123 Vidit
885 1048 1029 1122 rediens
1054 1071 1100 1120 ex
1124 1047 1260 1120 Arabia
1286 1045 1359 1119 Ed·

162 1183 308 1254 wardus
338 1181 508 1280 Wortiey
536 1183 753 1282 Montague,
785 1193 822 1255 et
852 1180 953 1253 multi
983 1180 1120 1253 sudoris
1146 1201 1229 1274 ope,
1265 1177 1360 1248 hanc

160 1311 256 1385 tituli
282 1313 575 1407 explicationem,
601 1317 631 1386 si
657 1315 737 1388 Diis
762 1315 892 1411 piacet,
921 1313 1151 1412 excogitavit.
1199 1311 1362 1410 Φέροντοο

163 1448 244 1538 (εἰμί
264 1447 341 1541 ἒγοί
358 1445 516 1543 ι’ίγολμο)
543 1449 782 1548 μνησικροίτους
809 1449 847 1520 e'rr
874 1452 1034 1545 Κορίνθου
1059 1446 1236 1537 εὐλαβείας
1260 1445 1362 1544 χάριν

160 1581 356 1666 ιίναθομίνον
379 1583 416 1654 ἑν
442 1579 578 1656 Λευκάδι
605 1585 692 1681 ίορόν
716 1584 897 1658 Ἀπόλλωνι
924 1585 975 1656 κοί
1002 1583 1053 1656 rrr'
1081 1581 1217 1667 ὀνόματι
1241 1580 1363 1677 μητριίι·

161 1712 262 1784 πόλιν
287 1708 603 1800 οἰκοδομήσαντοςέἔ
637 1712 822 1788 Biickhiue
855 1714 906 1786 its
942 1712 1032 1812 legit
1063 1723 1174 1810 atque
1209 1714 1363 1810 explicat

163 1850 282 1939 Ποιριο
300 1843 341 1937 (ἰ.
363 1869 396 1916 e.
415 1847 562 1942 Φοίρον)
579 1846 599 1917 ὁ
618 1845 883 1942 Μονοσικριίτους
901 1849 963 1916 τοῦ
979 1845 1137 1942 toparcion
1157 1845 1362 1944 (Κορινθίου)

161 1979 216 2048 κοί
234 1976 294 2048 οὖκ
310 1977 467 2074 Ἀκορνοίν
483 1977 571 2075 'capos
589 1978 621 2049 τ’
637 1977 842 2052 Ἀπόλλωνος
862 1978 915 2048 καί
939 1975 1055 2048 πόλοιν
1078 1975 1207 2071 (πολιν)
1232 1977 1365 2062 ομοονο·

159 2110 268 2193 μα’τιν
300 2111 492 2206 (ὁμόνομον)
518 2118 666 2209 μοι-ἦρος
698 2110 874 2208 (μητέρος)
903 2143 1031 2183 κειτισο
1062 2105 1204 2209 (irrisa)
1235 2112 1300 2184 τείν
1329 2109 1366 2184 ἐν
1435 2214 1439 2225 Ι

14 2318 18 2325 ,
160 2251 211 2316 τῶ
229 2246 401 2340 Λιοκάτῳ.
451 2246 523 2320 Cui
541 2245 771 2344 explicationi
789 2247 867 2319 haec
885 2245 922 2318 irr
944 2245 1056 2319 literis
1075 2244 1187 2318 MSS.
1208 2247 1364 2346 subjicit.

162 2375 258 2448 “lta
285 2377 365 2450 iuec
394 2377 538 2474 explico
564 2388 603 2450 et
630 2387 763 2475 praeter
790 2377 861 2450 alia
891 2387 976 2450 noto
1002 2377 1049 2450 ob
1081 2377 1367 2452 Fourmontians

163 2508 473 2584 “memorabilem
526 2533 608 2583 esse
650 2508 865 2608 scripturam
913 2540 1084 2604 ματειρος,
1125 2507 1210 2580 item
1258 2517 1368 2582 Mm-

164 2633 387 2735 “empo'rovr
420 2639 519 2736 quod
550 2637 634 2711 vide
666 2662 714 2712 ne
739 2636 788 2710 sit
820 2634 1077 2734 Μνησικριίτονι.
1121 2633 1205 2708 Alia
1230 2635 1267 2708 in
1296 2637 1367 2711 hoc

164 2782 388 2847 “marmore
408 2751 500 2845 maie
525 2771 744 2867 transcripta
765 2780 863 2858 sunt,
891 2792 974 2867 quae
995 2768 1124 2842 tacitus
1146 2769 1299 2857 correxi,
1327 2778 1369 2843 ut
1423 2738 1428 2753 ι

165 2904 296 2977 “iilud
335 2912 566 2992 AtAPEtN,
611 2905 709 3002 quod
746 2905 784 2977 iu
830 2905 1069 3003 Autographo
1108 2904 1218 2977 credo
1257 2903 1368 2977 irrisae

166 3044 193 3075 “
205 3046 269 3125 Αφ
282 3039 490 3111 ΑΡΝΑΝ.”
542 3032 587 3105 ln
605 3032 710 3105 initio
728 3032 783 3105 vir
800 3032 868 3105 cci.
891 3032 996 3105 nimis
1017 3033 1128 3132 longe
1143 3057 1166 3105 a
1184 3033 1368 3106 literarum

166 3170 280 3242 ducto
300 3167 463 3241 recessit.
516 3165 677 3263 Liquido
693 3166 790 3238 cuim
809 3166 861 3241 ibi
878 3166 1046 3241 scribitur

523 3340 632 3432 Παιρο
656 3366 700 3405 το
727 3340 983 3430 Μενεσικροτος.

168 3492 243 3569 Sed
279 3518 326 3567 ex
366 3495 435 3567 hac
467 3505 569 3590 parte
608 3516 738 3567 manca
770 3506 881 3592 etque
922 3492 1047 3567 mutila
1084 3504 1140 3568 est
1171 3492 1367 3595 inscriptio.

169 3625 334 3698 Primam
377 3622 476 3696 enim
509 3622 641 3699 lincam
676 3646 892 3697 marmorum
926 3622 1184 3727 βουστροφηδον
1219 3625 1369 3722 inscrip-

168 3770 290 3831 torum
317 3782 342 3829 ο
367 3756 514 3829 sinistra
538 3756 763 3831 dextrorsum
791 3759 936 3833 duxisse
964 3760 1161 3857 sculptores
1189 3760 1366 3835 uidentur.

167 3886 370 3989 Knightius
395 3900 532 3987 partem
559 3888 716 3962 nominis
741 3891 869 3965 deesse
893 3902 1056 3990 putatet
1081 3894 1131 3966 ita
1156 3895 1245 3993 legit

471 4093 584 4113 ......
601 4073 721 4136 ποιρου
744 4040 806 4113 τοῦ
834 4049 1098 4142 Μενεσικροτονς

166 4189 268 4286 quod
290 4200 413 4260 tamen
437 4210 565 4261 vereor
583 4196 625 4259 ut
642 4186 847 4261 confirmari
869 4190 995 4285 possit,
1020 4216 1104 4267 cum
1128 4201 1169 4267 ut
1184 4190 1367 4267 verissime

166 4322 337 4395 'l'homes
365 4319 511 4420 Youug
548 4413 576 4427 ..

620 4574 628 4603 ¹
652 4574 803 4649 Petriaaop.
826 4596 854 4651 p.
868 4580 918 4633 41.

758 4700 786 4765 C
