3250 5350
855 484 925 544 142
1264 479 1410 569 [Crines.
1432 487 1493 553 Ill.

301 652 435 726 mensis
453 649 665 750 vigesimum
680 649 846 747 quintum
863 653 959 724 diem
974 654 1137 738 caderet;
1167 653 1362 752 vigesimus
1373 668 1491 730 autem

300 789 446 884 quintus
463 795 586 859 sextus
605 795 660 857 est
680 787 812 858 mensis
829 787 994 859 exeuntis
1016 789 1114 875 (ἕκτη
1131 792 1338 886 φθίνοντος.)
1384 793 1439 865 lta
1456 792 1490 864 in

299 941 477 1016 marmore
499 915 625 1008 ἑβδόμη
641 921 694 990 καὶ
719 914 844 1006 δεκάτη
869 918 968 1014 ἡμέρα
989 927 1048 1004 τῆς
1064 930 1260 1018 πρυτανείας
1286 924 1415 996 endem
1439 935 1491 996 est

214 1089 222 1104 ·
297 1053 436 1139 licimo
450 1058 626 1150 φθίνοντος
643 1051 946 1147 Μεταγειτυῖωνος.
976 1053 1083 1142 Quod
1101 1053 1131 1124 sl
1149 1066 1247 1128 recle
1265 1078 1344 1128 sese
1359 1056 1491 1129 habeat

295 1185 356 1257 hic
383 1183 552 1281 calculus,
588 1185 683 1257 haud
713 1184 792 1256 lieri
820 1194 939 1279 potest
969 1181 1057 1278 quin
1085 1183 1165 1255 falsi
1196 1183 1268 1256 sint
1294 1183 1488 1260 V.V.D.D.

297 1312 358 1410 qui
395 1321 534 1383 tantum
571 1313 616 1384 de
656 1313 753 1385 cavis
795 1311 978 1384 mensibus
1017 1313 1249 1410 scripserunt.
1317 1315 1488 1390 Videmus

294 1439 390 1511 enim
419 1439 456 1511 io
486 1462 662 1512 marmore
693 1439 908 1537 vigesimum
935 1439 1133 1512 secundum
1166 1444 1336 1516 secundm
1360 1442 1487 1541 Pryta-

290 1575 363 1650 niae
382 1575 474 1649 diem
494 1599 575 1648 cum
592 1574 649 1679 ἕυη
664 1579 717 1649 καὶ
733 1577 789 1670 νέᾳ
804 1574 938 1647 mensis
957 1574 1258 1674 Metsgeitnionis
1274 1575 1484 1650 convenire.

291 1705 330 1780 Si
348 1717 467 1779 autem
483 1705 772 1801 septendecimus
791 1706 901 1804 hujus
914 1704 1098 1802 Prytaniae
1113 1704 1190 1777 dies
1208 1728 1290 1777 curn
1307 1704 1484 1803 vigesimo

290 1839 418 1938 quinto
435 1837 737 1935 Metageitnionis
758 1835 962 1922 conveniat,
990 1835 1186 1934 vigesimus
1205 1838 1387 1909 secundus
1405 1838 1481 1910 dies

287 1982 471 2082 Prytaniae
486 1981 522 2054 in
540 1983 671 2055 mensis
685 1981 910 2080 trigesimum
931 1978 1069 2052 incidat
1083 1989 1234 2075 oportet.
1289 1978 1481 2052 Pelluntur

224 2137 226 2142 ’
285 2141 374 2218 ergo
409 2117 471 2216 qui
515 2116 629 2190 mensi
669 2113 956 2216 Metageitnioni
1000 2139 1073 2189 noo
1120 2115 1189 2189 nisi
1231 2115 1363 2215 viginti
1399 2140 1479 2188 curn

284 2273 414 2324 novem
456 2248 582 2322 diebus
620 2247 796 2323 tribuunt.
851 2246 959 2339 Quod
998 2270 1147 2345 quoque
1186 2247 1318 2320 exinde
1358 2245 1479 2346 colligi

283 2395 411 2484 potest,
445 2407 574 2481 nempe
609 2385 707 2482 quod
740 2383 779 2457 in
824 2407 1001 2456 marmore
1030 2383 1168 2479 primus
1206 2381 1479 2457 Boedromionis

282 2521 357 2593 dies
382 2542 464 2592 cum
492 2516 667 2616 vigesimo
693 2516 802 2591 tertio
829 2515 1014 2614 Prytaniae
1042 2516 1244 2604 conveniat,
1277 2517 1374 2614 quod
1401 2515 1478 2589 lieri

280 2653 411 2754 nequit
438 2651 507 2725 nisi
536 2650 685 2750 triginta
711 2647 789 2723 dies
818 2647 1100 2749 Metageitnioni
1131 2648 1350 2723 tribuantur.
1405 2647 1477 2721 Sed

280 2788 377 2862 haud
411 2807 529 2858 meum
570 2792 625 2855 est
664 2790 781 2855 tantas
816 2804 1034 2879 componere
1069 2780 1151 2853 lites
1165 2778 1187 2851 ¹.
1250 2778 1305 2853 ua
1336 2789 1475 2852 tantum

278 2934 366 2997 noto
392 2946 475 3020 quae
499 2944 545 2991 ex
572 2917 628 2991 his
658 2917 896 2991 marmoribus
922 2916 1042 3016 colligi
1064 2928 1225 3013 possunt.

354 3060 459 3153 Quod
498 3058 614 3155 ipsum
650 3078 807 3129 marmor
838 3054 979 3142 attinet,
1018 3054 1214 3126 admodum
1253 3049 1373 3123 tritum
1408 3060 1473 3137 est,

275 3191 423 3293 legique
450 3184 606 3276 difficile,
642 3194 680 3258 et
711 3180 822 3282 longo
844 3178 1018 3284 'tempore
1049 3205 1140 3278 opus
1169 3193 1248 3254 eret
1280 3192 1321 3253 ut
1353 3204 1474 3253 meum

274 3324 525 3427 apographum
560 3318 789 3393 conficerem.
851 3315 1222 3392 Animadvertendum
1256 3324 1322 3400 eet,
1357 3313 1475 3386 omitti

274 3470 355 3558 post
386 3456 495 3529 verba
521 3452 602 3525 Ἐπὶ
632 3458 692 3537 τῆς
721 3445 924 3547 Ερεχθηΐδυς
950 3443 1104 3544 δευτέρας
1133 3446 1230 3543 quod
1259 3444 1474 3541 plerumque

273 3589 435 3688 sequitur
450 3582 742 3684 (πρυτανευούσης)
762 3606 829 3653 nee
851 3578 1006 3676 expedio
1026 3579 1114 3675 quid
1138 3576 1185 3650 sit
1204 3576 1352 3649 verbum
1374 3576 1474 3672 quod

273 3722 393 3798 statim
427 3730 612 3817 sequatur.
664 3715 810 3792 Novem
843 3716 958 3787 literae
987 3714 1130 3799 desunt,
1164 3705 1348 3807 στοιχηδδυ
1373 3708 1473 3781 enim

273 3858 446 3954 scripturn
472 3863 527 3926 est
549 3872 705 3925 marmor
717 3878 728 3936 ;
756 3848 792 3919 in
812 3869 904 3920 voce
924 3841 1091 3943 παρεδόθη
1108 3852 1193 3915 sunt
1215 3851 1352 3914 tantum
1374 3850 1471 3913 octo.

272 3988 441 4087 Aspimta
458 3982 591 4083 ubique
606 3979 794 4062 omittitur,
813 3976 1000 4077 quodnisi
1023 3976 1072 4048 ita
1090 3984 1197 4061 esset,
1216 3996 1286 4045 vox
1301 3968 1473 4069 παρεδόθη

270 4150 353 4201 cum
378 4124 536 4223 aspirato
567 4120 633 4219 (Η)
666 4117 783 4191 locum
818 4126 919 4189 recte
949 4114 1146 4211 suppleret.
1201 4111 1293 4184 lllud
1319 4135 1471 4209 quoque

269 4255 626 4335 aninmdvertendum
658 4251 753 4323 inter
790 4244 943 4345 populos
973 4245 1106 4320 Atticas
1137 4240 1316 4315 numerari
1366 4248 1470 4339 Προ-

268 4383 501 4482 βάλιυθου’,
536 4392 573 4458 et
607 4382 685 4483 ejus
719 4376 859 4468 δημότας
895 4404 918 4452 a
952 4363 1144 4451 Meursio³
1183 4382 1220 4447 et
1248 4371 1327 4445 aliis
1374 4380 1468 4472 Ilpa·

307 4588 317 4620 ¹
338 4584 397 4657 Qui
414 4582 494 4661 plura
507 4580 575 4639 volit
587 4576 738 4637 Corsirrum
753 4576 837 4635 adest
925 4574 936 4607 ²
957 4573 1053 4633 Strati.
1066 4572 1120 4629 [Χ.
1170 4569 1250 4629 Plur.
1263 4565 1318 4651 lv.
1333 4572 1362 4631 7.

265 4686 288 4741 F
290 4693 342 4758 ast.
364 4686 421 4742 stt.
437 4681 516 4740 Dias.
530 4678 577 4752 ll..
926 4668 938 4699 ³
957 4670 1064 4727 lleurs.
1082 4667 1150 4740 l‘op.
1167 4668 1228 4722 Att.
1240 4684 1270 4739 p.
1282 4666 1349 4726 109.
