<?xml version="1.0" encoding="UTF-8"?>
<!DOCTYPE html PUBLIC "-//W3C//DTD XHTML 1.0 Transitional//EN"
    "http://www.w3.org/TR/xhtml1/DTD/xhtml1-transitional.dtd">
<html xmlns="http://www.w3.org/1999/xhtml" xml:lang="en" lang="en">
 <head>
  <title>
</title>
<meta http-equiv="Content-Type" content="text/html;charset=utf-8" />
  <meta name='ocr-system' content='tesseract 3.04.00' />
  <meta name='ocr-capabilities' content='ocr_page ocr_carea ocr_par ocr_line ocrx_word'/>
</head>
<body>
  <div class='ocr_page' id='page_1' title='image "./inscriptionesgr01rosegoog_0189.png"; bbox 0 0 3250 5350; ppageno 0'>
   <div class='ocr_carea' id='block_1_1' title="bbox 830 419 1451 519">
    <p class='ocr_par' dir='ltr' id='par_1_1' title="bbox 830 419 1451 519">
     <span class='ocr_line' id='line_1_1' title="bbox 830 419 1451 519; baseline 0.006 -23"><span class='ocrx_word' id='word_1_1' title='bbox 830 423 880 496; x_wconf 76' lang='lat'>68</span> <span class='ocrx_word' id='word_1_2' title='bbox 1232 433 1377 519; x_wconf 63' lang='lat' dir='ltr'>[Cassa.</span> <span class='ocrx_word' id='word_1_3' title='bbox 1404 419 1451 501; x_wconf 80' lang='lat' dir='ltr'>ll.</span> 
     </span>
    </p>
   </div>
   <div class='ocr_carea' id='block_1_2' title="bbox 150 603 1541 1777">
    <p class='ocr_par' dir='ltr' id='par_1_2' title="bbox 150 603 1541 1777">
     <span class='ocr_line' id='line_1_2' title="bbox 150 603 1452 716; baseline -0.006 -30"><span class='ocrx_word' id='word_1_4' title='bbox 150 665 154 672; x_wconf 85' lang='lat'>·</span> <span class='ocrx_word' id='word_1_5' title='bbox 257 612 409 699; x_wconf 81' lang='lat' dir='ltr'>ridetur,</span> <span class='ocrx_word' id='word_1_6' title='bbox 435 635 533 684; x_wconf 90' lang='lat' dir='ltr'>anno</span> <span class='ocrx_word' id='word_1_7' title='bbox 575 623 682 693; x_wconf 80' lang='lat'>1820,</span> <span class='ocrx_word' id='word_1_8' title='bbox 709 608 905 716; x_wconf 75' lang='lat' dir='ltr'>Pindarum</span> <span class='ocrx_word' id='word_1_9' title='bbox 941 605 980 680; x_wconf 91' lang='lat' dir='ltr'>in</span> <span class='ocrx_word' id='word_1_10' title='bbox 1019 603 1161 680; x_wconf 90' lang='lat' dir='ltr'>Scholia</span> <span class='ocrx_word' id='word_1_11' title='bbox 1200 604 1452 702; x_wconf 84' lang='lat' dir='ltr'>Lipsiensibus</span> 
     </span>
     <span class='ocr_line' id='line_1_3' title="bbox 257 735 1454 842; baseline -0.006 -25"><span class='ocrx_word' id='word_1_12' title='bbox 257 742 451 842; x_wconf 77' lang='lat' dir='ltr'><strong>explicavit</strong></span> <span class='ocrx_word' id='word_1_13' title='bbox 491 751 528 814; x_wconf 86' lang='lat' dir='ltr'>et</span> <span class='ocrx_word' id='word_1_14' title='bbox 565 743 612 816; x_wconf 89' lang='lat' dir='ltr'>ad</span> <span class='ocrx_word' id='word_1_15' title='bbox 650 764 793 814; x_wconf 84' lang='lat' dir='ltr'>versum</span> <span class='ocrx_word' id='word_1_16' title='bbox 835 737 1015 837; x_wconf 90' lang='lat' dir='ltr'>quendam</span> <span class='ocrx_word' id='word_1_17' title='bbox 1056 735 1310 812; x_wconf 88' lang='lat' dir='ltr'>Nemeorum¹</span> <span class='ocrx_word' id='word_1_18' title='bbox 1343 744 1454 835; x_wconf 75' lang='grc' dir='ltr'>Τυραν</span> 
     </span>
     <span class='ocr_line' id='line_1_4' title="bbox 257 870 1454 974; baseline -0.003 -24"><span class='ocrx_word' id='word_1_19' title='bbox 257 901 322 974; x_wconf 91' lang='lat' dir='ltr'>pro</span> <span class='ocrx_word' id='word_1_20' title='bbox 359 885 529 974; x_wconf 79' lang='grc' dir='ltr'><em>Τυραννων</em></span> <span class='ocrx_word' id='word_1_21' title='bbox 570 876 726 970; x_wconf 88' lang='lat' dir='ltr'>positum</span> <span class='ocrx_word' id='word_1_22' title='bbox 766 873 900 962; x_wconf 74' lang='lat' dir='ltr'>statuit,</span> <span class='ocrx_word' id='word_1_23' title='bbox 938 896 1092 970; x_wconf 87' lang='lat' dir='ltr'>eamque</span> <span class='ocrx_word' id='word_1_24' title='bbox 1133 870 1267 946; x_wconf 81' lang='lat' dir='ltr'>ultimae</span> <span class='ocrx_word' id='word_1_25' title='bbox 1305 873 1454 970; x_wconf 72' lang='lat' dir='ltr'>syllabae</span> 
     </span>
     <span class='ocr_line' id='line_1_5' title="bbox 257 1004 1452 1106; baseline -0.002 -26"><span class='ocrx_word' id='word_1_26' title='bbox 257 1009 483 1080; x_wconf 85' lang='lat' dir='ltr'>omissionem</span> <span class='ocrx_word' id='word_1_27' title='bbox 506 1009 545 1080; x_wconf 89' lang='lat' dir='ltr'>in</span> <span class='ocrx_word' id='word_1_28' title='bbox 574 1006 880 1103; x_wconf 78' lang='lat' dir='ltr'>inscriptionibus,</span> <span class='ocrx_word' id='word_1_29' title='bbox 911 1007 941 1078; x_wconf 84' lang='lat' dir='ltr'>si</span> <span class='ocrx_word' id='word_1_30' title='bbox 968 1007 1057 1080; x_wconf 84' lang='lat' dir='ltr'>fides</span> <span class='ocrx_word' id='word_1_31' title='bbox 1086 1004 1239 1104; x_wconf 80' lang='lat' dir='ltr'>Silligio,</span> <span class='ocrx_word' id='word_1_32' title='bbox 1264 1005 1452 1106; x_wconf 76' lang='lat' dir='ltr'>vulgarem</span> 
     </span>
     <span class='ocr_line' id='line_1_6' title="bbox 258 1138 1455 1251; baseline -0.003 -36"><span class='ocrx_word' id='word_1_33' title='bbox 258 1167 336 1216; x_wconf 84' lang='lat' dir='ltr'>esse</span> <span class='ocrx_word' id='word_1_34' title='bbox 355 1234 359 1251; x_wconf 41' lang='grc'>1</span> <span class='ocrx_word' id='word_1_35' title='bbox 378 1141 479 1215; x_wconf 81' lang='lat' dir='ltr'>dixit.</span> <span class='ocrx_word' id='word_1_36' title='bbox 548 1141 654 1214; x_wconf 90' lang='lat' dir='ltr'>Hanc</span> <span class='ocrx_word' id='word_1_37' title='bbox 704 1151 831 1236; x_wconf 83' lang='lat' dir='ltr'>postea</span> <span class='ocrx_word' id='word_1_38' title='bbox 871 1138 1206 1234; x_wconf 71' lang='lat' dir='ltr'>interpretationem</span> <span class='ocrx_word' id='word_1_39' title='bbox 1254 1139 1455 1234; x_wconf 76' lang='lat' dir='ltr'>proposuit</span> 
     </span>
     <span class='ocr_line' id='line_1_7' title="bbox 259 1241 1458 1368; baseline -0.003 -21"><span class='ocrx_word' id='word_1_40' title='bbox 259 1241 430 1347; x_wconf 85' lang='lat' dir='ltr'>“Hiero¹</span> <span class='ocrx_word' id='word_1_41' title='bbox 453 1274 517 1345; x_wconf 86' lang='lat' dir='ltr'>dea</span> <span class='ocrx_word' id='word_1_42' title='bbox 558 1271 806 1346; x_wconf 85' lang='lat' dir='ltr'>Deinumenes</span> <span class='ocrx_word' id='word_1_43' title='bbox 849 1273 963 1358; x_wconf 91' lang='lat' dir='ltr'>Sohn,</span> <span class='ocrx_word' id='word_1_44' title='bbox 989 1274 1066 1345; x_wconf 92' lang='lat' dir='ltr'>und</span> <span class='ocrx_word' id='word_1_45' title='bbox 1105 1273 1164 1346; x_wconf 88' lang='lat' dir='ltr'>die</span> <span class='ocrx_word' id='word_1_46' title='bbox 1201 1271 1458 1368; x_wconf 82' lang='lat' dir='ltr'>Syralruaaner</span> 
     </span>
     <span class='ocr_line' id='line_1_8' title="bbox 260 1405 1541 1506; baseline -0.005 -25"><span class='ocrx_word' id='word_1_47' title='bbox 260 1409 431 1506; x_wconf 75' lang='lat' dir='ltr'>(weihten</span> <span class='ocrx_word' id='word_1_48' title='bbox 466 1406 591 1480; x_wconf 89' lang='lat' dir='ltr'>diesen</span> <span class='ocrx_word' id='word_1_49' title='bbox 634 1405 741 1499; x_wconf 88' lang='lat' dir='ltr'>helm)</span> <span class='ocrx_word' id='word_1_50' title='bbox 784 1407 865 1480; x_wconf 92' lang='lat' dir='ltr'>dem</span> <span class='ocrx_word' id='word_1_51' title='bbox 907 1405 1198 1504; x_wconf 87' lang='lat' dir='ltr'>(Olympischen)</span> <span class='ocrx_word' id='word_1_52' title='bbox 1244 1405 1342 1480; x_wconf 87' lang='lat' dir='ltr'>Zeus</span> <span class='ocrx_word' id='word_1_53' title='bbox 1387 1429 1458 1480; x_wconf 83' lang='lat' dir='ltr'>aue</span> <span class='ocrx_word' id='word_1_54' title='bbox 1535 1467 1541 1475; x_wconf 89' lang='lat'>.</span> 
     </span>
     <span class='ocr_line' id='line_1_9' title="bbox 260 1543 1456 1644; baseline -0.002 -24"><span class='ocrx_word' id='word_1_55' title='bbox 260 1545 560 1644; x_wconf 87' lang='lat' dir='ltr'>Tyrrhenischen</span> <span class='ocrx_word' id='word_1_56' title='bbox 603 1544 676 1618; x_wconf 81' lang='lat' dir='ltr'>Era</span> <span class='ocrx_word' id='word_1_57' title='bbox 712 1568 842 1643; x_wconf 85' lang='lat' dir='ltr'>wegen</span> <span class='ocrx_word' id='word_1_58' title='bbox 885 1547 950 1617; x_wconf 88' lang='lat' dir='ltr'>der</span> <span class='ocrx_word' id='word_1_59' title='bbox 988 1544 1162 1618; x_wconf 74' lang='lat' dir='ltr'>Schlacht</span> <span class='ocrx_word' id='word_1_60' title='bbox 1197 1543 1256 1616; x_wconf 90' lang='lat' dir='ltr'>bei</span> <span class='ocrx_word' id='word_1_61' title='bbox 1297 1543 1456 1620; x_wconf 69' lang='lat' dir='ltr'>Kuma’*</span> 
     </span>
     <span class='ocr_line' id='line_1_10' title="bbox 259 1677 1455 1777; baseline -0.003 -25"><span class='ocrx_word' id='word_1_62' title='bbox 259 1679 456 1777; x_wconf 83' lang='lat' dir='ltr'>Knightius</span> <span class='ocrx_word' id='word_1_63' title='bbox 509 1683 618 1773; x_wconf 80' lang='grc' dir='ltr'>Τυραν</span> <span class='ocrx_word' id='word_1_64' title='bbox 673 1700 739 1771; x_wconf 87' lang='lat' dir='ltr'>pro</span> <span class='ocrx_word' id='word_1_65' title='bbox 797 1709 950 1772; x_wconf 78' lang='grc' dir='ltr'>τυραννοι</span> <span class='ocrx_word' id='word_1_66' title='bbox 999 1677 1155 1772; x_wconf 86' lang='lat' dir='ltr'>positum</span> <span class='ocrx_word' id='word_1_67' title='bbox 1211 1701 1292 1752; x_wconf 84' lang='lat' dir='ltr'>esse</span> <span class='ocrx_word' id='word_1_68' title='bbox 1339 1686 1455 1772; x_wconf 81' lang='lat' dir='ltr'>putat.</span> 
     </span>
    </p>
   </div>
   <div class='ocr_carea' id='block_1_3' title="bbox 261 1801 1599 1906">
    <p class='ocr_par' dir='ltr' id='par_1_3' title="bbox 261 1801 1599 1906">
     <span class='ocr_line' id='line_1_11' title="bbox 261 1801 1599 1906; baseline 0 -22"><span class='ocrx_word' id='word_1_69' title='bbox 261 1809 426 1906; x_wconf 82' lang='lat' dir='ltr'>Simplex</span> <span class='ocrx_word' id='word_1_70' title='bbox 460 1822 491 1885; x_wconf 89' lang='grc' dir='ltr'><strong>Ν</strong></span> <span class='ocrx_word' id='word_1_71' title='bbox 527 1832 594 1905; x_wconf 92' lang='lat' dir='ltr'>pro</span> <span class='ocrx_word' id='word_1_72' title='bbox 618 1807 753 1904; x_wconf 88' lang='lat' dir='ltr'>duplici</span> <span class='ocrx_word' id='word_1_73' title='bbox 788 1808 1025 1904; x_wconf 80' lang='lat' dir='ltr'>proculdubio</span> <span class='ocrx_word' id='word_1_74' title='bbox 1059 1801 1339 1905; x_wconf 73' lang='lat' dir='ltr'>soepe&#39;ponitur</span> <span class='ocrx_word' id='word_1_75' title='bbox 1350 1838 1361 1895; x_wconf 90' lang='lat'>;</span> <span class='ocrx_word' id='word_1_76' title='bbox 1392 1810 1459 1883; x_wconf 84' lang='lat' dir='ltr'>sed</span> <span class='ocrx_word' id='word_1_77' title='bbox 1591 1865 1599 1884; x_wconf 93' lang='lat'>.</span> 
     </span>
    </p>
   </div>
   <div class='ocr_carea' id='block_1_4' title="bbox 177 1937 1470 3755">
    <p class='ocr_par' dir='ltr' id='par_1_4' title="bbox 259 1937 1461 2697">
     <span class='ocr_line' id='line_1_12' title="bbox 260 1937 1460 2044; baseline -0.001 -30"><span class='ocrx_word' id='word_1_78' title='bbox 260 1941 468 2040; x_wconf 72' lang='lat' dir='ltr'>synalepha</span> <span class='ocrx_word' id='word_1_79' title='bbox 499 1940 715 2038; x_wconf 85' lang='lat' dir='ltr'>diphthongi</span> <span class='ocrx_word' id='word_1_80' title='bbox 749 1973 779 2012; x_wconf 84' lang='grc' dir='ltr'>οι</span> <span class='ocrx_word' id='word_1_81' title='bbox 812 1962 1000 2044; x_wconf 84' lang='lat' dir='ltr'>nunquam</span> <span class='ocrx_word' id='word_1_82' title='bbox 1036 1937 1133 2010; x_wconf 83' lang='lat' dir='ltr'>facta</span> <span class='ocrx_word' id='word_1_83' title='bbox 1165 1948 1233 2011; x_wconf 81' lang='lat' dir='ltr'>est.</span> <span class='ocrx_word' id='word_1_84' title='bbox 1290 1939 1460 2013; x_wconf 67' lang='lat' dir='ltr'>Diversae</span> 
     </span>
     <span class='ocr_line' id='line_1_13' title="bbox 261 2070 1457 2169; baseline 0.002 -23"><span class='ocrx_word' id='word_1_85' title='bbox 261 2070 360 2146; x_wconf 87' lang='lat' dir='ltr'>enim</span> <span class='ocrx_word' id='word_1_86' title='bbox 396 2081 451 2144; x_wconf 84' lang='lat' dir='ltr'>est</span> <span class='ocrx_word' id='word_1_87' title='bbox 481 2070 610 2144; x_wconf 75' lang='lat' dir='ltr'>farinae</span> <span class='ocrx_word' id='word_1_88' title='bbox 640 2104 826 2169; x_wconf 68' lang='grc' dir='ltr'>επεπιαροι</span> <span class='ocrx_word' id='word_1_89' title='bbox 861 2071 898 2144; x_wconf 90' lang='lat' dir='ltr'>in</span> <span class='ocrx_word' id='word_1_90' title='bbox 939 2071 1029 2144; x_wconf 83' lang='lat' dir='ltr'>Elea</span> <span class='ocrx_word' id='word_1_91' title='bbox 1055 2070 1115 2143; x_wconf 87' lang='lat' dir='ltr'>illa</span> <span class='ocrx_word' id='word_1_92' title='bbox 1146 2072 1297 2148; x_wconf 87' lang='lat' dir='ltr'>Rhetra.</span> <span class='ocrx_word' id='word_1_93' title='bbox 1365 2073 1457 2148; x_wconf 87' lang='lat' dir='ltr'>Pro-</span> 
     </span>
     <span class='ocr_line' id='line_1_14' title="bbox 259 2199 1457 2300; baseline 0.005 -26"><span class='ocrx_word' id='word_1_94' title='bbox 259 2199 381 2274; x_wconf 87' lang='lat' dir='ltr'>babile</span> <span class='ocrx_word' id='word_1_95' title='bbox 423 2200 568 2298; x_wconf 88' lang='lat' dir='ltr'>quidem</span> <span class='ocrx_word' id='word_1_96' title='bbox 604 2202 748 2276; x_wconf 82' lang='lat' dir='ltr'>uidetur</span> <span class='ocrx_word' id='word_1_97' title='bbox 792 2202 881 2299; x_wconf 89' lang='lat' dir='ltr'>poni</span> <span class='ocrx_word' id='word_1_98' title='bbox 923 2203 1003 2276; x_wconf 80' lang='lat' dir='ltr'>haec</span> <span class='ocrx_word' id='word_1_99' title='bbox 1040 2225 1106 2298; x_wconf 92' lang='lat' dir='ltr'>pro</span> <span class='ocrx_word' id='word_1_100' title='bbox 1149 2237 1184 2277; x_wconf 75' lang='lat' dir='ltr'>ev</span> <span class='ocrx_word' id='word_1_101' title='bbox 1220 2237 1274 2282; x_wconf 76' lang='grc' dir='ltr'>τοι</span> <span class='ocrx_word' id='word_1_102' title='bbox 1315 2237 1457 2300; x_wconf 67' lang='grc' dir='ltr'><strong>πωροι,</strong></span> 
     </span>
     <span class='ocr_line' id='line_1_15' title="bbox 261 2334 1461 2432; baseline 0.004 -26"><span class='ocrx_word' id='word_1_103' title='bbox 261 2334 325 2406; x_wconf 86' lang='lat' dir='ltr'>sad</span> <span class='ocrx_word' id='word_1_104' title='bbox 358 2357 502 2430; x_wconf 87' lang='lat' dir='ltr'>semper</span> <span class='ocrx_word' id='word_1_105' title='bbox 532 2343 570 2406; x_wconf 89' lang='lat' dir='ltr'>et</span> <span class='ocrx_word' id='word_1_106' title='bbox 597 2334 734 2432; x_wconf 89' lang='lat' dir='ltr'>ubique</span> <span class='ocrx_word' id='word_1_107' title='bbox 758 2334 911 2414; x_wconf 90' lang='lat' dir='ltr'>articulo</span> <span class='ocrx_word' id='word_1_108' title='bbox 947 2358 1029 2408; x_wconf 91' lang='lat' dir='ltr'>cum</span> <span class='ocrx_word' id='word_1_109' title='bbox 1061 2335 1207 2410; x_wconf 88' lang='lat' dir='ltr'>nominc</span> <span class='ocrx_word' id='word_1_110' title='bbox 1238 2359 1304 2409; x_wconf 89' lang='lat' dir='ltr'>suo</span> <span class='ocrx_word' id='word_1_111' title='bbox 1338 2335 1461 2411; x_wconf 87' lang='lat' dir='ltr'>crasin</span> 
     </span>
     <span class='ocr_line' id='line_1_16' title="bbox 262 2461 1460 2562; baseline 0.003 -26"><span class='ocrx_word' id='word_1_112' title='bbox 262 2461 407 2538; x_wconf 85' lang='lat' dir='ltr'>efficere</span> <span class='ocrx_word' id='word_1_113' title='bbox 430 2463 545 2538; x_wconf 91' lang='lat' dir='ltr'>licuit.</span> <span class='ocrx_word' id='word_1_114' title='bbox 597 2465 782 2538; x_wconf 82' lang='lat' dir='ltr'>Praeterea</span> <span class='ocrx_word' id='word_1_115' title='bbox 806 2473 982 2539; x_wconf 83' lang='lat' dir='ltr'>vetustate</span> <span class='ocrx_word' id='word_1_116' title='bbox 1013 2489 1123 2562; x_wconf 83' lang='lat' dir='ltr'>pmne</span> <span class='ocrx_word' id='word_1_117' title='bbox 1140 2465 1460 2554; x_wconf 77' lang='lat' dir='ltr'>barbara,llhetra</span> 
     </span>
     <span class='ocr_line' id='line_1_17' title="bbox 261 2597 1400 2697; baseline 0.001 -24"><span class='ocrx_word' id='word_1_118' title='bbox 261 2597 322 2673; x_wconf 85' lang='lat' dir='ltr'>illa</span> <span class='ocrx_word' id='word_1_119' title='bbox 345 2597 480 2694; x_wconf 88' lang='lat' dir='ltr'>scripta</span> <span class='ocrx_word' id='word_1_120' title='bbox 501 2607 556 2673; x_wconf 89' lang='lat' dir='ltr'>est</span> <span class='ocrx_word' id='word_1_121' title='bbox 580 2607 618 2670; x_wconf 88' lang='lat' dir='ltr'>et</span> <span class='ocrx_word' id='word_1_122' title='bbox 643 2598 791 2673; x_wconf 87' lang='lat' dir='ltr'>minime</span> <span class='ocrx_word' id='word_1_123' title='bbox 816 2623 898 2673; x_wconf 90' lang='lat' dir='ltr'>cum</span> <span class='ocrx_word' id='word_1_124' title='bbox 925 2597 1120 2674; x_wconf 86' lang='lat' dir='ltr'>acrioribus</span> <span class='ocrx_word' id='word_1_125' title='bbox 1147 2602 1400 2697; x_wconf 79' lang='lat' dir='ltr'>comparanda.</span> 
     </span>
    </p>

    <p class='ocr_par' dir='ltr' id='par_1_5' title="bbox 177 2704 1462 3240">
     <span class='ocr_line' id='line_1_18' title="bbox 339 2704 1460 2830; baseline 0 -23"><span class='ocrx_word' id='word_1_126' title='bbox 339 2734 436 2809; x_wconf 89' lang='lat' dir='ltr'>Mihi</span> <span class='ocrx_word' id='word_1_127' title='bbox 468 2732 626 2828; x_wconf 87' lang='lat' dir='ltr'>quidem,</span> <span class='ocrx_word' id='word_1_128' title='bbox 653 2758 744 2830; x_wconf 89' lang='lat' dir='ltr'>pace</span> <span class='ocrx_word' id='word_1_129' title='bbox 776 2704 1139 2808; x_wconf 82' lang='lat' dir='ltr'>tantorumvirorum</span> <span class='ocrx_word' id='word_1_130' title='bbox 1169 2732 1334 2821; x_wconf 81' lang='lat' dir='ltr'>dixerim,</span> <span class='ocrx_word' id='word_1_131' title='bbox 1362 2734 1460 2807; x_wconf 90' lang='lat' dir='ltr'>nulla</span> 
     </span>
     <span class='ocr_line' id='line_1_19' title="bbox 263 2863 1459 2965; baseline 0.003 -26"><span class='ocrx_word' id='word_1_132' title='bbox 263 2867 393 2939; x_wconf 86' lang='lat' dir='ltr'>harum</span> <span class='ocrx_word' id='word_1_133' title='bbox 425 2863 605 2937; x_wconf 85' lang='lat' dir='ltr'>rationum</span> <span class='ocrx_word' id='word_1_134' title='bbox 633 2865 721 2937; x_wconf 88' lang='lat' dir='ltr'>satis</span> <span class='ocrx_word' id='word_1_135' title='bbox 755 2867 903 2940; x_wconf 90' lang='lat' dir='ltr'>omnino</span> <span class='ocrx_word' id='word_1_136' title='bbox 938 2867 1034 2941; x_wconf 85' lang='lat' dir='ltr'>facit.</span> <span class='ocrx_word' id='word_1_137' title='bbox 1087 2866 1277 2941; x_wconf 76' lang='lat' dir='ltr'>Sententia</span> <span class='ocrx_word' id='word_1_138' title='bbox 1312 2867 1459 2965; x_wconf 87' lang='lat' dir='ltr'>quidem</span> 
     </span>
     <span class='ocr_line' id='line_1_20' title="bbox 262 2994 1462 3099; baseline 0.002 -29"><span class='ocrx_word' id='word_1_139' title='bbox 262 2996 332 3070; x_wconf 93' lang='lat' dir='ltr'>loci</span> <span class='ocrx_word' id='word_1_140' title='bbox 354 2994 494 3072; x_wconf 81' lang='lat' dir='ltr'>tertiam</span> <span class='ocrx_word' id='word_1_141' title='bbox 522 2996 920 3093; x_wconf 83' lang='lat' dir='ltr'>personampluralern</span> <span class='ocrx_word' id='word_1_142' title='bbox 946 2998 1047 3077; x_wconf 83' lang='lat' dir='ltr'>verbi</span> <span class='ocrx_word' id='word_1_143' title='bbox 1075 2998 1229 3099; x_wconf 87' lang='lat' dir='ltr'>alicujus</span> <span class='ocrx_word' id='word_1_144' title='bbox 1251 2998 1462 3073; x_wconf 86' lang='lat' dir='ltr'>desiderare</span> 
     </span>
     <span class='ocr_line' id='line_1_21' title="bbox 177 3126 420 3240; baseline -0.008 -38"><span class='ocrx_word' id='word_1_145' title='bbox 177 3228 190 3240; x_wconf 24' lang='grc' dir='ltr'>δ</span> <span class='ocrx_word' id='word_1_146' title='bbox 265 3126 420 3201; x_wconf 83' lang='lat' dir='ltr'>uidetur.</span> 
     </span>
    </p>

    <p class='ocr_par' dir='ltr' id='par_1_6' title="bbox 266 3258 1470 3755">
     <span class='ocr_line' id='line_1_22' title="bbox 328 3258 1465 3359; baseline 0.005 -24"><span class='ocrx_word' id='word_1_147' title='bbox 328 3259 454 3335; x_wconf 87' lang='lat' dir='ltr'>Pauca</span> <span class='ocrx_word' id='word_1_148' title='bbox 458 3258 536 3357; x_wconf 89' lang='lat' dir='ltr'>jam</span> <span class='ocrx_word' id='word_1_149' title='bbox 549 3260 771 3336; x_wconf 88' lang='lat' dir='ltr'>eWelckeri</span> <span class='ocrx_word' id='word_1_150' title='bbox 783 3260 1030 3359; x_wconf 89' lang='lat' dir='ltr'>disputatione</span> <span class='ocrx_word' id='word_1_151' title='bbox 1043 3265 1255 3339; x_wconf 81' lang='lat' dir='ltr'>exscribam.</span> <span class='ocrx_word' id='word_1_152' title='bbox 1275 3264 1465 3341; x_wconf 88' lang='lat' dir='ltr'>“Ultimus</span> 
     </span>
     <span class='ocr_line' id='line_1_23' title="bbox 266 3390 1467 3492; baseline 0.005 -27"><span class='ocrx_word' id='word_1_153' title='bbox 266 3414 392 3465; x_wconf 83' lang='lat' dir='ltr'>versus</span> <span class='ocrx_word' id='word_1_154' title='bbox 421 3399 477 3463; x_wconf 89' lang='lat' dir='ltr'>est</span> <span class='ocrx_word' id='word_1_155' title='bbox 499 3390 622 3492; x_wconf 86' lang='lat' dir='ltr'>justus</span> <span class='ocrx_word' id='word_1_156' title='bbox 651 3392 902 3487; x_wconf 83' lang='lat' dir='ltr'>paraemiacus.</span> <span class='ocrx_word' id='word_1_157' title='bbox 955 3393 1102 3469; x_wconf 87' lang='lat' dir='ltr'>Priores</span> <span class='ocrx_word' id='word_1_158' title='bbox 1125 3398 1172 3469; x_wconf 92' lang='lat' dir='ltr'>ad</span> <span class='ocrx_word' id='word_1_159' title='bbox 1200 3406 1353 3473; x_wconf 88' lang='lat' dir='ltr'>metrum</span> <span class='ocrx_word' id='word_1_160' title='bbox 1375 3422 1467 3471; x_wconf 88' lang='lat' dir='ltr'>ana·</span> 
     </span>
     <span class='ocr_line' id='line_1_24' title="bbox 266 3520 1470 3622; baseline 0.008 -28"><span class='ocrx_word' id='word_1_161' title='bbox 266 3520 454 3619; x_wconf 76' lang='lat' dir='ltr'>poesticum</span> <span class='ocrx_word' id='word_1_162' title='bbox 488 3525 678 3601; x_wconf 87' lang='lat' dir='ltr'>accedunt.</span> <span class='ocrx_word' id='word_1_163' title='bbox 740 3524 872 3622; x_wconf 89' lang='lat' dir='ltr'>Specie</span> <span class='ocrx_word' id='word_1_164' title='bbox 904 3527 1058 3622; x_wconf 89' lang='lat' dir='ltr'>quadam</span> <span class='ocrx_word' id='word_1_165' title='bbox 1097 3552 1331 3601; x_wconf 89' lang='lat' dir='ltr'>numerorum</span> <span class='ocrx_word' id='word_1_166' title='bbox 1376 3555 1470 3604; x_wconf 87' lang='lat' dir='ltr'>auc·</span> 
     </span>
     <span class='ocr_line' id='line_1_25' title="bbox 267 3652 1470 3755; baseline 0.003 -26"><span class='ocrx_word' id='word_1_167' title='bbox 267 3663 366 3729; x_wconf 88' lang='lat' dir='ltr'>tores</span> <span class='ocrx_word' id='word_1_168' title='bbox 399 3652 672 3750; x_wconf 81' lang='lat' dir='ltr'>Epitaphiorum</span> <span class='ocrx_word' id='word_1_169' title='bbox 709 3655 853 3754; x_wconf 89' lang='lat' dir='ltr'>(quidni</span> <span class='ocrx_word' id='word_1_170' title='bbox 892 3656 1042 3733; x_wconf 89' lang='lat' dir='ltr'>aliorum</span> <span class='ocrx_word' id='word_1_171' title='bbox 1064 3658 1266 3733; x_wconf 79' lang='lat' dir='ltr'>&#39;titulorum</span> <span class='ocrx_word' id='word_1_172' title='bbox 1303 3661 1427 3735; x_wconf 87' lang='lat' dir='ltr'>itidem</span> <span class='ocrx_word' id='word_1_173' title='bbox 1437 3660 1470 3755; x_wconf 82' lang='lat' dir='ltr'>l)</span> 
     </span>
    </p>
   </div>
   <div class='ocr_carea' id='block_1_5' title="bbox 146 3788 1470 3885">
    <p class='ocr_par' dir='ltr' id='par_1_7' title="bbox 146 3788 1470 3885">
     <span class='ocr_line' id='line_1_26' title="bbox 146 3788 1470 3885; baseline 0.007 -27"><span class='ocrx_word' id='word_1_174' title='bbox 146 3838 150 3848; x_wconf 81' lang='lat'><em>-</em></span> <span class='ocrx_word' id='word_1_175' title='bbox 267 3788 451 3861; x_wconf 90' lang='lat' dir='ltr'>interdum</span> <span class='ocrx_word' id='word_1_176' title='bbox 502 3799 691 3863; x_wconf 87' lang='lat' dir='ltr'>contentos</span> <span class='ocrx_word' id='word_1_177' title='bbox 742 3788 855 3863; x_wconf 81' lang='lat' dir='ltr'>fuisse</span> <span class='ocrx_word' id='word_1_178' title='bbox 908 3800 1057 3863; x_wconf 86' lang='lat' dir='ltr'>annotat</span> <span class='ocrx_word' id='word_1_179' title='bbox 1108 3790 1284 3866; x_wconf 55' lang='lat' dir='ltr'>Jacobs&amp;</span> <span class='ocrx_word' id='word_1_180' title='bbox 1357 3792 1470 3885; x_wconf 84' lang='lat' dir='ltr'>Quod</span> 
     </span>
    </p>
   </div>
   <div class='ocr_carea' id='block_1_6' title="bbox 205 3926 1474 4420">
    <p class='ocr_par' dir='ltr' id='par_1_8' title="bbox 205 3926 1474 4420">
     <span class='ocr_line' id='line_1_27' title="bbox 268 3926 1474 4026; baseline 0.004 -27"><span class='ocrx_word' id='word_1_181' title='bbox 268 3926 456 4001; x_wconf 82' lang='lat' dir='ltr'>Biickhiua</span> <span class='ocrx_word' id='word_1_182' title='bbox 482 3927 632 4026; x_wconf 87' lang='lat' dir='ltr'>conjicit</span> <span class='ocrx_word' id='word_1_183' title='bbox 656 3939 729 4001; x_wconf 87' lang='lat' dir='ltr'>tres</span> <span class='ocrx_word' id='word_1_184' title='bbox 758 3936 898 4000; x_wconf 83' lang='lat' dir='ltr'>tanturn</span> <span class='ocrx_word' id='word_1_185' title='bbox 926 3928 1049 4025; x_wconf 80' lang='lat' dir='ltr'>galeas</span> <span class='ocrx_word' id='word_1_186' title='bbox 1078 3940 1115 4001; x_wconf 88' lang='lat' dir='ltr'>et</span> <span class='ocrx_word' id='word_1_187' title='bbox 1140 3930 1311 4003; x_wconf 86' lang='lat' dir='ltr'>loricase</span> <span class='ocrx_word' id='word_1_188' title='bbox 1338 3955 1474 4006; x_wconf 89' lang='lat' dir='ltr'>manu-</span> 
     </span>
     <span class='ocr_line' id='line_1_28' title="bbox 269 4056 1473 4157; baseline 0.003 -25"><span class='ocrx_word' id='word_1_189' title='bbox 269 4056 340 4132; x_wconf 91' lang='lat' dir='ltr'>biis</span> <span class='ocrx_word' id='word_1_190' title='bbox 363 4058 451 4135; x_wconf 83' lang='lat' dir='ltr'>Jovi</span> <span class='ocrx_word' id='word_1_191' title='bbox 474 4056 625 4154; x_wconf 87' lang='lat' dir='ltr'>aliisque</span> <span class='ocrx_word' id='word_1_192' title='bbox 656 4057 737 4132; x_wconf 90' lang='lat' dir='ltr'>Diis</span> <span class='ocrx_word' id='word_1_193' title='bbox 764 4058 810 4130; x_wconf 91' lang='lat' dir='ltr'>de</span> <span class='ocrx_word' id='word_1_194' title='bbox 837 4082 936 4131; x_wconf 88' lang='lat' dir='ltr'>more</span> <span class='ocrx_word' id='word_1_195' title='bbox 961 4068 1188 4131; x_wconf 80' lang='lat' dir='ltr'>consecratas</span> <span class='ocrx_word' id='word_1_196' title='bbox 1218 4083 1298 4134; x_wconf 82' lang='lat' dir='ltr'>esse</span> <span class='ocrx_word' id='word_1_197' title='bbox 1324 4083 1473 4157; x_wconf 89' lang='lat' dir='ltr'>parurn,</span> 
     </span>
     <span class='ocr_line' id='line_1_29' title="bbox 269 4184 1472 4287; baseline 0.002 -26"><span class='ocrx_word' id='word_1_198' title='bbox 269 4196 313 4261; x_wconf 90' lang='lat' dir='ltr'>ut</span> <span class='ocrx_word' id='word_1_199' title='bbox 331 4187 418 4259; x_wconf 92' lang='lat' dir='ltr'>mihi</span> <span class='ocrx_word' id='word_1_200' title='bbox 433 4188 572 4263; x_wconf 89' lang='lat' dir='ltr'>videtur</span> <span class='ocrx_word' id='word_1_201' title='bbox 592 4186 824 4287; x_wconf 84' lang='lat' dir='ltr'>magnificum</span> <span class='ocrx_word' id='word_1_202' title='bbox 840 4184 985 4285; x_wconf 60' lang='lat' dir='ltr'>luisset,</span> <span class='ocrx_word' id='word_1_203' title='bbox 1014 4212 1082 4259; x_wconf 90' lang='lat' dir='ltr'>nec</span> <span class='ocrx_word' id='word_1_204' title='bbox 1100 4187 1135 4259; x_wconf 93' lang='lat' dir='ltr'>in</span> <span class='ocrx_word' id='word_1_205' title='bbox 1156 4187 1266 4287; x_wconf 82' lang='lat' dir='ltr'>Epig.</span> <span class='ocrx_word' id='word_1_206' title='bbox 1281 4189 1472 4263; x_wconf 86' lang='lat' dir='ltr'>anathem.</span> 
     </span>
     <span class='ocr_line' id='line_1_30' title="bbox 205 4306 1473 4420; baseline 0.005 -29"><span class='ocrx_word' id='word_1_207' title='bbox 205 4306 210 4313; x_wconf 78' lang='grc'><strong><em>’</em></strong></span> <span class='ocrx_word' id='word_1_208' title='bbox 274 4328 449 4394; x_wconf 74' lang='grc'><strong>130-132.</strong></span> <span class='ocrx_word' id='word_1_209' title='bbox 468 4317 663 4420; x_wconf 75' lang='lat' dir='ltr'>spoliorum</span> <span class='ocrx_word' id='word_1_210' title='bbox 679 4316 962 4395; x_wconf 88' lang='lat' dir='ltr'>dedicandorum</span> <span class='ocrx_word' id='word_1_211' title='bbox 988 4341 1161 4396; x_wconf 87' lang='lat' dir='ltr'>numerus</span> <span class='ocrx_word' id='word_1_212' title='bbox 1179 4317 1317 4393; x_wconf 90' lang='lat' dir='ltr'>finitur.</span> <span class='ocrx_word' id='word_1_213' title='bbox 1341 4392 1343 4399; x_wconf 78' lang='grc'>,</span> <span class='ocrx_word' id='word_1_214' title='bbox 1371 4320 1473 4397; x_wconf 90' lang='lat' dir='ltr'>Octo</span> 
     </span>
    </p>
   </div>
   <div class='ocr_carea' id='block_1_7' title="bbox 275 4571 1372 4675">
    <p class='ocr_par' dir='ltr' id='par_1_9' title="bbox 275 4571 1372 4675">
     <span class='ocr_line' id='line_1_31' title="bbox 275 4571 1372 4675; baseline -0.001 -41"><span class='ocrx_word' id='word_1_215' title='bbox 275 4660 282 4675; x_wconf 63' lang='lat'>.</span> <span class='ocrx_word' id='word_1_216' title='bbox 372 4574 382 4609; x_wconf 82' lang='lat'><strong>¹</strong></span> <span class='ocrx_word' id='word_1_217' title='bbox 404 4578 619 4637; x_wconf 78' lang='lat' dir='ltr'>Nem.1x.ss.</span> <span class='ocrx_word' id='word_1_218' title='bbox 805 4576 824 4605; x_wconf 65' lang='lat'>²</span> <span class='ocrx_word' id='word_1_219' title='bbox 839 4574 949 4633; x_wconf 84' lang='lat' dir='ltr'>Jacobs.</span> <span class='ocrx_word' id='word_1_220' title='bbox 965 4574 992 4631; x_wconf 88' lang='lat' dir='ltr'>in</span> <span class='ocrx_word' id='word_1_221' title='bbox 1007 4571 1124 4631; x_wconf 81' lang='lat' dir='ltr'>Anthol.</span> <span class='ocrx_word' id='word_1_222' title='bbox 1141 4574 1216 4647; x_wconf 86' lang='lat' dir='ltr'>App.</span> <span class='ocrx_word' id='word_1_223' title='bbox 1232 4572 1285 4645; x_wconf 86' lang='lat' dir='ltr'>Ap.</span> <span class='ocrx_word' id='word_1_224' title='bbox 1302 4575 1372 4633; x_wconf 76' lang='grc'><strong>233.</strong></span> 
     </span>
    </p>
   </div>
   <div class='ocr_carea' id='block_1_8' title="bbox 0 0 1644 5350">
    <p class='ocr_par' dir='ltr' id='par_1_10' title="bbox 0 0 1644 5350">
     <span class='ocr_line' id='line_1_32' title="bbox 0 0 1644 5350; baseline 0 0"><span class='ocrx_word' id='word_1_225' title='bbox 0 0 1644 5350; x_wconf 95' lang='lat' dir='ltr'> </span> 
     </span>
    </p>
   </div>
  </div>
 </body>
</html>
