3250 5350
839 444 912 501 22⁰
1223 424 1370 519 [Coros.
1393 436 1457 501 lll.

268 610 417 707 prsebet.
464 606 617 682 eumin
636 608 796 683 secunde
810 620 912 705 purte
931 606 1130 704 Pythodori
1145 562 1290 679 ²mentio
1311 605 1460 691 incidat,

268 741 495 813 Chsndlerus
518 742 563 813 od
593 764 728 813 annum
755 740 801 813 sb
834 737 1115 812 Atheniensibus
1130 739 1310 835 Ἀναρχὶαν
1325 738 1462 811 dictum

268 896 341 969 quo
377 872 605 970 Pythodorus
643 874 790 947 Archon
824 884 932 957 esset,
967 872 1194 945 referendum
1225 883 1337 969 putat.
1391 872 1463 969 Py·

268 998 440 1071 thodorus
472 1010 592 1073 autern
628 1000 766 1097 liquido
801 1001 839 1073 in
879 1022 1056 1071 marmore
1092 1006 1216 1078 Ταμὶας
1251 998 1464 1095 appellatur,

268 1152 381 1227 quare
417 1130 494 1203 lieri
530 1132 626 1204 houd
658 1131 786 1228 potuit,
826 1142 867 1204 ut
900 1155 983 1203 vere
1022 1130 1220 1218 Boethius,
1260 1142 1301 1204 ut
1335 1132 1462 1203 eodern

266 1285 365 1333 onno
406 1262 553 1335 Archon
591 1274 696 1335 esset.
754 1262 826 1333 Sed
862 1284 943 1333 curn
985 1261 1022 1331 in
1066 1261 1161 1333 lines
1201 1262 1305 1333 tertis
1349 1260 1464 1333 literae

268 1398 327 1463 ΦΟ
357 1404 561 1481 occurrant,
582 1389 852 1471 ,Chsndlerus¹
888 1415 1011 1464 esrum
1046 1414 1116 1487 ope
1151 1416 1251 1463 suam
1291 1390 1465 1487 temporis

268 1522 559 1597 constitutionem
599 1535 731 1599 tuetur.
798 1524 1015 1626 “Ejusdem
1054 1527 1140 1597 anni
1188 1495 1348 1599 extremo
1387 1524 1466 1597 fere

268 1668 367 1767 parte
416 1657 651 1731 Atheniensis
693 1684 716 1730 s
760 1659 948 1756 Lysandro
992 1656 1270 1730 lacedaemonio
1312 1657 1465 1744 obsessi,

269 1791 397 1863 urbem
439 1790 642 1876 dederunt;
683 1791 800 1887 iisque
834 1790 970 1887 Ephori
1009 1802 1094 1862 sunt
1132 1789 1301 1887 impositi.
1361 1792 1465 1888 (Lys.

273 1919 375 1993 Orat.
409 1918 499 2015 XI.)
559 1920 657 1995 Hinc
693 1920 832 2018 Ephori
870 1922 1171 2015 {tulooffomt
1210 1922 1248 1994 in
1291 1946 1467 1995 marmore

271 2065 380 2150 utque
401 2052 472 2127 olio
495 2053 665 2151 temporis
682 2065 778 2141 notu,
805 2056 1024 2129 Ansxicrute
1043 2056 1110 2128 sub
1136 2054 1324 2153 Lysondro
1340 2081 1464 2131 arcem

270 2197 441 2273 tenente;
467 2185 683 2282 iterumque,
709 2188 787 2283 ipso
804 2187 908 2284 qussi
926 2188 1141 2285 posthabito,
1167 2189 1296 2261 scriboe
1319 2214 1464 2262 nomen.

273 2320 481 2411 Quaestores
512 2320 766 2409 Athenienses,
792 2346 875 2418 quae
901 2322 968 2394 snb
998 2321 1208 2419 Pythodoro
1233 2335 1461 2421 acceperant,

273 2450 562 2529 luoedaemoniis
595 2452 835 2551 quaestoribus
868 2451 1103 2538 tradiderint;
1145 2453 1182 2524 hi
1216 2477 1302 2527 vero
1336 2453 1466 2553 Quies·

276 2580 425 2666 toribus,
465 2582 596 2681 quibus
637 2584 825 2655 commisso
868 2578 936 2653 fuit
972 2579 1088 2652 aersrii
1128 2580 1325 2655 custodis.”
1397 2582 1467 2655 Sed

274 2713 430 2808 Ephoris
457 2713 524 2784 illis
548 2713 787 2808 proculdubio
816 2711 905 2784 nihil
934 2722 1012 2785 erut
1037 2736 1118 2784 eum
1141 2713 1271 2800 reditu,
1297 2713 1466 2813 vectigali

273 2843 332 2916 rel
365 2846 493 2942 opibus
532 2847 820 2920 Atheniensium.
890 2844 1045 2920 Nullum
1087 2872 1175 2920 sune
1209 2848 1466 2944 exemplume
1595 2866 1596 2939 y

274 2971 420 3048 Graeciu
453 2974 606 3072 prolerri
646 2988 763 3072 potest
801 2977 864 3050 ubi
898 2979 1076 3078 eJusmodi
1109 2957 1283 3053 ditionem
1315 2982 1469 3055 uictores

274 3103 342 3178 sibi
373 3105 647 3180 vindicaverint
702 3107 857 3182 Minime
885 3121 926 3181 ut
951 3109 1038 3182 sotis
1062 3109 1178 3206 liquet
1204 3136 1250 3184 ex
1267 3112 1349 3185 aliis
1380 3139 1469 3187 mor·
1595 3096 1596 3185 l

275 3240 435 3314 moribus
458 3240 657 3343 legendum
681 3267 762 3316 curn
790 3229 1060 3318 chandlero'in
1086 3241 1184 3317 lines
1208 3245 1314 3318 tertia

539 3399 1205 3494 uoluerumnmouemooor)

254 3555 337 3627 sed
360 3550 917 3654 uotdtro'otmtttotatoo
944 3561 993 3636 ltu
1020 3575 1061 3636 ut
1084 3565 1197 3637 literae
1222 3575 1288 3644 ΦΟ
1316 3556 1479 3641 nominis

277 3687 413 3762 Scribae
432 3687 575 3762 initium
595 3691 677 3764 sint.
727 3692 780 3766 Ut
805 3695 841 3765 in
863 3695 941 3768 ollis
964 3695 1216 3785 marmoribus,
1242 3699 1301 3772 hie
1325 3723 1473 3800 quoque

278 3820 414 3892 eaedem
446 3842 503 3891 res
533 3819 666 3916 srepius
695 3835 960 3912 memorantur;
1003 3827 1099 3897 unde
1121 3825 1262 3902 locunre
1291 3829 1474 3930 plerosque
1595 3840 1596 3847 ’

277 3949 436 4048 suppleri
463 3961 628 4048 possunt.
757 3966 762 3975 '

354 4081 427 4158 Sed
456 4063 493 4154 in
520 4081 576 4156 his
604 4083 736 4156 mutilis
766 4086 1014 4180 marmoribus,
1043 4094 1206 4191 quumvis
1238 4097 1362 4170 omnis
1389 4110 1474 4171 noto

278 4218 362 4305 sint,
394 4218 641 4315 supplements
667 4219 853 4320 injiciendi
879 4249 969 4321 opus
1000 4229 1211 4326 periculosae
1241 4232 1389 4328 plenum
1421 4246 1476 4308 est
1595 4284 1596 4323 y

279 4343 379 4418 ales.
414 4345 625 4444 Sculptores
644 4349 741 4422 houd
754 4372 896 4448 semper
910 4349 948 4425 in
965 4357 1156 4433 scribendo
1166 4359 1235 4433 sibi
1247 4363 1474 4435 constabunt.

689 4540 698 4571 ¹
721 4541 844 4606 Chsndl.
860 4545 933 4624 Syll.
948 4567 976 4623 p.
992 4567 1064 4609 xvr.
