3250 5350
749 531 754 539 .
834 476 906 535 332
1261 478 1412 559 [Crass.
1435 482 1497 547 Vl.

295 660 514 745 comparent,
534 648 597 720 sed
615 656 780 721 Atarneo
800 659 839 721 et
860 660 890 724 Δ
907 650 1039 723 nullius
1061 652 1177 726 ferme
1190 654 1377 751 alphabeti
1397 674 1495 733 sunt.

295 782 438 854 Puncta
459 783 628 853 adversus
645 780 768 867 finem,
796 803 864 851 nec
888 778 999 877 Sigea
1022 805 1092 853 nec
1117 783 1333 857 Parisiensis
1361 789 1498 861 habent

295 940 364 988 nec
397 913 649 985 vetustissimae
694 911 786 981 alite.
855 911 1003 1008 Figurae
1048 914 1158 1007 prisci
1194 917 1314 1010 operis
1359 918 1495 991 larvam

293 1045 459 1140 imperite
504 1042 653 1114 omnino
693 1042 866 1113 inducere
908 1043 1088 1115 occultum
1131 1043 1286 1116 lusorem
1334 1047 1497 1120 voluisse

292 1170 559 1275 patefaciunt'
593 1172 811 1267 Quicunque
854 1171 979 1267 priscis
1023 1174 1241 1270 anaglyphis
1291 1176 1495 1248 assueverit

294 1310 426 1382 dorem
467 1305 565 1377 videt
604 1302 681 1373 sere
724 1302 938 1389 imberbem,
977 1303 1094 1397 capite
1137 1304 1308 1378 inusitate
1361 1322 1494 1380 ornato

293 1451 330 1512 ct
360 1463 460 1511 avem
496 1438 532 1507 in
554 1436 634 1507 vola
667 1436 1149 1508 manus-habentem—vas
1181 1440 1219 1510 in
1248 1442 1367 1512 medio
1401 1442 1494 1513 miro

292 1566 503 1637 fulcimento
537 1562 714 1647 innixum,
752 1574 790 1633 et
826 1562 1008 1635 hominem
1043 1566 1179 1636 nudum
1216 1568 1254 1635 in
1290 1580 1489 1662 conspectu

291 1703 407 1787 Jovis,
441 1723 578 1783 manus,
611 1710 651 1767 ut
678 1699 829 1785 videtur,
860 1698 1082 1771 abluentem.
1130 1700 1381 1797 inscriptionis
1410 1704 1491 1775 haec

292 1846 347 1905 est
371 1831 517 1903 locullo.
569 1828 721 1904 Μάνθεος
734 1830 838 1901 Ἁιθοῦ
856 1831 1052 1927 εὐχαριστεῖ
1071 1833 1129 1904 Ad
1144 1834 1196 1903 ἐπὶ
1214 1844 1281 1935 νίκῃ
1298 1835 1491 1907 πεντάθλου

290 1966 415 2039 παιδός.
484 1963 684 2035 Montbeus
719 1963 918 2034 inauditum
955 1988 1088 2035 nomen
1123 1978 1191 2038 est.
1263 1968 1372 2056 Quod
1406 1969 1490 2039 sub-

289 2096 453 2193 sequitur
480 2116 613 2164 nomen
633 2115 793 2186 unquam
817 2090 939 2163 videre
966 2116 1039 2163 non
1060 2096 1218 2167 memini.
1270 2096 1492 2195 Ἐνχαριστεῑ

290 2228 348 2301 Διῒ
362 2228 418 2297 ἐπὶ
440 2232 509 2326 νίκῃ
536 2250 608 2295 non
628 2223 763 2293 donum
780 2222 845 2293 dat
873 2224 938 2294 sed
965 2224 1110 2315 gratias
1134 2226 1217 2318 agit
1235 2251 1304 2319 pro
1332 2228 1491 2300 victorio

289 2355 407 2440 valet3
434 2376 478 2424 eo
499 2362 619 2423 autern
639 2373 747 2423 sensu
773 2349 1006 2456 abantiquis
1023 2376 1066 2423 ac
1092 2354 1253 2446 probatis
1275 2356 1493 2427 auctoribus

289 2476 362 2555 non
390 2480 589 2551 adhibitum
613 2478 724 2549 fuisse
750 2478 825 2573 ipse
852 2476 989 2550 latetur
1018 2478 1236 2552 Bimardius.
1289 2486 1492 2557 Πεντάθλου

289 2615 404 2693 παιδός
433 2613 552 2688 reddit
574 2610 778 2684 Bimardius
799 2636 869 2705 pro
894 2612 1045 2684 victoria
1064 2613 1293 2711 quinquertio
1317 2618 1461 2711 puerili
1472 2648 1490 2702 ;

288 2746 472 2820 reddenda
498 2745 618 2838 potius
638 2743 805 2815 videntur
816 2766 888 2835 pro
900 2743 979 2838 filii
1002 2743 1156 2815 victorio
1175 2744 1215 2814 in
1238 2748 1489 2842 quinquertio.

288 2881 339 2948 At
359 2898 524 2968 quaenam
544 2874 622 2943 haec
645 2883 709 2942 aut
725 2871 866 2954 Graece,
891 2885 954 2943 aut
984 2875 1112 2946 Latine
1139 2876 1313 2971 loquendi
1332 2876 1490 2949 formula

184 2989 189 2996 ⁹
288 3009 355 3089 νίκη
378 3003 568 3074 πεντάθλου
583 2997 707 3089 παιδός,
733 3001 879 3072 victoria
901 3003 1074 3096 pentathli
1099 3005 1201 3098 pueri
1215 3003 1252 3072 ?”
1296 3005 1388 3076 Haec
1406 3006 1490 3101 ipsa

287 3136 398 3210 verba
426 3159 448 3206 e
482 3144 604 3204 nostro
637 3155 811 3202 marmore
853 3133 967 3228 (quod
997 3133 1277 3205 vetustissimum
1314 3135 1490 3230 appellat)

289 3263 390 3361 quasi
419 3261 514 3332 bene
546 3262 688 3346 Graeca,
713 3259 864 3330 advocat
892 3257 1096 3346 Osannus¹,
1123 3284 1230 3356 quem
1262 3262 1340 3356 ipsa
1375 3285 1491 3354 quam

287 3396 326 3465 in
351 3418 394 3465 eo
416 3393 498 3464 loco
519 3383 649 3464 tractat
671 3391 868 3484 inscriptio,
894 3393 1037 3488 locique
1056 3418 1146 3492 quos
1162 3400 1329 3492 appellat,
1357 3409 1495 3482 melius

288 3528 420 3596 docere
453 3525 663 3619 potuissent.
718 3524 913 3595 Πένταθλον
946 3521 1077 3613 παίδων,
1113 3552 1184 3598 non
1220 3513 1335 3606 waddo
1367 3536 1493 3624 Quin—

289 3662 468 3760 quertium
489 3659 730 3746 Pue1·ite,‘ve1
759 3658 993 3752 Quinquertii
1024 3661 1118 3732 inter
1140 3687 1271 3758 pueros
1299 3680 1496 3745 certamen

288 3795 417 3866 Graece
445 3789 707 3889 significaret²,
735 3794 831 3888 quod
864 3795 933 3863 hoc
965 3793 1000 3862 in
1035 3794 1115 3867 loco
1146 3798 1357 3894 scriptorem
1390 3806 1499 3880 velle

287 3942 388 4025 puto.
448 3928 506 4001 De
532 3951 724 4023 puerorum
751 3927 844 3998 ludis
872 3929 980 3998 multa
1006 3927 1086 3999 loca
1111 3930 1247 4026 profert
1272 3934 1503 4011 Osannus³.

328 4155 337 4185 ¹
359 4158 467 4214 Osann.
480 4155 551 4232 Syll.
566 4175 594 4229 p.
608 4163 677 4214 200.
688 4157 756 4214 Not.
906 4175 923 4212 a
942 4176 968 4230 p.
982 4173 1032 4214 en.
1052 4158 1112 4231 ejus
1131 4157 1222 4232 operis
1242 4159 1373 4219 advocat.

327 4247 414 4308 ’ct
462 4251 548 4306 lnscr.
593 4249 666 4322 apud
715 4248 853 4306 Murator.
888 4301 896 4314 ,

289 4351 471 4399 nostrast
483 4342 590 4398 Osann.
602 4361 629 4414 p.
643 4347 710 4408 199.
723 4352 752 4398 et
767 4343 854 4398 luscr.
945 4351 958 4386 ³
977 4345 1059 4401 Pons.
1084 4361 1130 4402 vr.
1146 4351 1176 4413 t’,
1195 4351 1223 4402 8.
1246 4348 1317 4426 (bis)
1346 4367 1413 4408 vrr.
1441 4357 1510 4418 16,

287 4433 408 4506 Neapol.
433 4437 503 4507 apud
537 4435 617 4491 ntaff.
645 4436 720 4491 blus.
749 4436 853 4492 Veron.
908 4435 1055 4495 Demosth.
1092 4437 1121 4494 in
1153 4439 1300 4498 Theocrin.
1332 4461 1361 4515 p.
1394 4451 1511 4512 1349,

287 4543 493 4593 ccccnxxur.
521 4547 605 4602 quam
632 4529 763 4586 Osannus
783 4529 853 4587 falso
906 4531 1043 4590 Murator.
1058 4553 1085 4610 p.
1099 4529 1168 4590 641.
