3250 5350
814 419 884 494 136
1209 429 1357 515 [Cusas.
1381 431 1450 498 ΙΙΙ.

254 612 391 680 tanturn
430 601 544 678 tribus
585 613 716 694 essent,
759 603 789 676 si
831 615 878 676 35
919 605 997 677 dies
1030 603 1182 704 singulis
1224 606 1448 691 tribuuntur,

253 734 429 811 subducto
458 732 607 822 calculo,
645 732 738 806 ultra
765 745 842 806 350
871 733 947 806 dies
974 733 1037 829 qui
1066 731 1252 832 Prytaniis
1282 734 1448 808 concessi

253 873 350 950 sunt,
378 873 532 960 quatuor
551 863 671 936 adhuc
694 862 733 936 in
756 886 853 935 anno
877 872 1080 958 supersunt.
1134 861 1333 936 Petaniusl
1357 887 1448 962 ergo

251 1006 290 1068 et
317 993 551 1092 Scaligerus⁹
576 1004 732 1091 quatuor
758 995 918 1092 ἀνάρχους
951 992 1028 1066 dies
1059 993 1328 1094 excogitavere,
1356 1018 1447 1092 quos

251 1125 399 1198 omnino
447 1123 712 1198 commentitios
757 1148 837 1198 esse
884 1124 1078 1197 ostendere
1125 1123 1365 1198 Dodwellus³
1410 1135 1449 1199 et

252 1253 425 1354 Sigonius
435 1261 460 1328 ⁴.
510 1253 638 1330 suidas
666 1254 762 1328 enirn
797 1254 835 1327 iu
868 1277 959 1328 voce
993 1259 1177 1352 πρυτανεία
1208 1253 1348 1352 liquido
1381 1257 1448 1328 hos

252 1398 408 1486 quatuor
432 1386 508 1460 dies
538 1387 631 1460 inter
652 1397 808 1484 quatuor
830 1386 964 1482 primus
989 1386 1106 1459 tribus
1131 1387 1342 1460 distributos
1366 1413 1447 1462 esse

251 1523 352 1612 dicit,
388 1523 438 1598 ite
466 1530 506 1594 ut
531 1543 598 1618 per
622 1517 673 1596 36
699 1520 777 1594 dies
806 1518 992 1620 Prytanire
1027 1543 1176 1598 munere
1207 1518 1280 1592 itloe
1309 1520 1447 1594 functas

250 1653 332 1726 sint.
397 1651 483 1728 Neo
525 1651 641 1738 aliter,
681 1660 773 1724 teste
813 1649 1005 1724 Dodrretlo
1017 1653 1044 1738 ⁵,
1097 1648 1219 1724 Photii
1268 1651 1444 1726 Leainon.

250 1784 324 1861 Sed
339 1809 384 1858 eo
400 1795 563 1882 ternpore
576 1807 650 1884 quo
668 1793 829 1857 nostrum
846 1808 1001 1858 marmor
1015 1784 1192 1881 sculptum
1210 1783 1267 1873 sit,
1289 1796 1448 1884 quatuor

248 1917 327 1990 illos
355 1915 433 1989 dies
464 1925 618 2014 quatuor
643 1915 834 2013 postremis
864 1915 1030 1990 tribubus
1058 1914 1214 1988 tributos
1249 1939 1329 1990 esse
1360 1916 1446 1989 satis

246 2059 356 2148 patet.
408 2047 697 2122 Barthelemius⁶
730 2070 821 2147 ergo
852 2057 916 2120 aut
948 2047 1087 2120 Lexica
1115 2046 1205 2120 falsa
1235 2057 1300 2119 aut
1324 2057 1445 2120 muta-

247 2178 382 2254 tionem
409 2177 563 2276 aliquam
590 2178 721 2251 factam
748 2202 829 2250 esse
856 2187 969 2275 putat.

320 2310 437 2384 Para.
464 2308 535 2384 IX.
586 2309 629 2382 L.
652 2321 716 2398 34,
741 2321 802 2384 35.
847 2307 1012 2383 Extitere
1039 2308 1074 2380 in
1105 2332 1203 2397 saxo,
1230 2319 1323 2382 teste
1351 2309 1443 2382 Bar-

245 2445 425 2534 thelemio,
452 2446 497 2518 ad
524 2444 663 2528 initium
693 2444 795 2517 134.
825 2445 938 2516 iiterae
963 2452 1278 2530 ΧΟΣΙΝΞΠΧΧ,
1308 2442 1376 2520 &o
1407 2454 1444 2516 et

242 2576 287 2648 ad
320 2573 427 2648 finem
456 2584 1070 2668 auouotontxa...uax...,
1095 2576 1140 2647 ad
1169 2574 1309 2648 initium
1338 2575 1362 2648 Ι.
1379 2589 1440 2650 35.

243 2712 651 2783 ΥΣΣΤΡΑΤΕΛΟΙΣὲ.
699 2708 821 2781 Hodie
854 2719 989 2799 autem,
1018 2732 1076 2780 rne
1105 2718 1211 2796 teste,
1237 2718 1364 2781 extant
1394 2710 1442 2782 ad

243 2839 384 2913 initium
402 2838 426 2912 l.
446 2851 509 2911 34.
529 2840 674 2914 nonnisi
701 2852 731 2917 Ν
753 2849 924 2931 mxx,
957 2840 1052 2930 &e.;
1079 2843 1126 2914 ad
1143 2842 1254 2915 finem
1278 2844 1441 2941 ejusdem

241 2968 350 3042 lineae
432 2978 502 3048 ΜΑ
516 2979 553 3042 et
569 2972 614 3043 ad
634 2972 774 3044 initium
791 2969 813 3042 1.
832 2983 894 3043 35.
911 2974 1203 3053 ΤΡΑΤΕΛΟΙΣ.
1246 2976 1333 3048 Post
1351 2976 1443 3050 Bar·

239 3098 450 3172 thelemium
464 3109 502 3172 et
516 3098 718 3173 Biickhium
728 3098 764 3173 in
782 3098 803 3173 Ι.
818 3112 880 3172 34.
896 3100 981 3199 lego
994 3110 1442 3185 ΑΝΟΜΟΥΟΛΕΣΑΤΟ

247 3290 275 3306 ..
290 3290 318 3305 ..
339 3236 511 3305 ΜΑΧΟΣ
541 3237 737 3307 ΦΫΥΕΥΣ.
790 3230 962 3328 Devoce
986 3234 1303 3329 ἇνομολογῆσασθω
1327 3262 1442 3335 supra

240 3357 325 3430 dixi.
377 3356 451 3449 Qui
468 3357 528 3431 hic
546 3368 934 3461 memoratae—naxos
951 3372 1075 3460 φλυευς
1091 3360 1275 3437 Minervas
1290 3366 1440 3461 procul-

239 3488 350 3560 dubio
388 3494 513 3571 Ταμίας
549 3500 638 3563 erat.
700 3490 865 3565 Pecunia
900 3516 983 3589 quae
1014 3492 1199 3593 trigesimo
1233 3494 1292 3567 die
1327 3506 1441 3570 sexta

239 3616 423 3714 Prytaniae
448 3618 524 3715 (die
551 3644 602 3691 sc.
628 3620 804 3719 vigesimo
832 3634 959 3699 octavo
986 3624 1225 3722 Gamelionis)
1247 3641 1440 3704 numerata

239 3758 304 3835 est,
332 3748 435 3821 classi
482 3771 564 3844 quae
603 3762 731 3847 postea
772 3755 846 3827 tine
891 3756 1181 3831 Anthesterionis
1225 3771 1290 3833 aut
1332 3761 1439 3834 initio

238 3875 557 3973 Elaphebolionis⁷
588 3850 771 3953 vic'torianr
807 3878 1045 3979 Cyzicensenr
1078 3884 1286 3979 reportavit,
1312 3884 1438 3959 forsan

237 4006 319 4080 data
336 4016 402 4080 est.
454 4006 544 4083 Post
565 4008 659 4083 iilam
678 4036 856 4113 pugnam,
885 4014 1128 4089 Athenienses
1145 4016 1321 4114 scripsere
1340 4018 1439 4091 mille

276 4242 285 4275 ¹
307 4244 406 4306 Peter.
421 4250 505 4308 Dort.
519 4248 622 4327 Temp.
637 4252 752 4315 11.e.1.
902 4258 914 4294 ⁴
934 4256 1020 4331 Sigon
1034 4257 1070 4314 ds
1084 4257 1154 4333 Rep.
1169 4256 1241 4317 Aru.
1256 4256 1297 4316 11.
1318 4276 1344 4318 c.
1359 4264 1389 4317 8.

273 4340 384 4400 ²sea1.
419 4344 452 4403 de
485 4347 606 4407 Emend.
639 4348 743 4428 Temp.
770 4354 810 4411 11.
900 4352 1035 4409 ‘Dodrn
1052 4352 1131 4412 Diss.
1147 4352 1170 4410 1.
1182 4355 1205 4423 §-
1218 4358 1249 4420 9.

235 4453 263 4509 p.
274 4430 326 4494 62.
346 4434 402 4494 111.
412 4458 440 4513 p.
456 4446 526 4507 229.
901 4444 913 4478 ⁶
933 4448 991 4507 Ubi
1002 4466 1086 4523 supra
1098 4467 1127 4523 p.
1142 4453 1211 4514 371.

274 4531 287 4565 ⁸
309 4532 409 4595 Dodw.
426 4535 502 4595 Diss.
519 4538 542 4598 1.
564 4542 586 4610 t.
602 4548 621 4610 9
635 4548 662 4599 et
678 4548 725 4601 10.
898 4539 909 4572 ⁷
930 4544 1046 4604 Diodor.
1061 4560 1144 4602 1111.
1158 4549 1208 4610 ⁴9·
