3250 5350
828 475 874 536 52
1240 468 1388 554 [Curso.
1407 469 1456 534 11.

337 643 376 716 Si
402 645 449 716 ad
470 644 645 740 AEolieum
672 645 864 718 dialectum
879 643 904 731 ¹,
931 643 1103 719 Duwesio
1118 645 1285 745 jubente,
1306 645 1459 740 inscrip-

261 777 369 850 tionis
388 780 499 852 verba
517 780 721 868 referuntur
736 778 849 852 literis
868 779 1180 879 Constantinopol.
1199 783 1249 855 itu
1274 783 1461 856 reddenda

263 906 430 980 videntur
444 938 456 994 ;

302 1101 328 1138 ω
353 1075 467 1140 stow
490 1071 574 1139 λιθω
600 1099 654 1149 mu
679 1061 806 1162 ανδριας
832 1099 884 1139 και
909 1099 952 1139 το
977 1075 1110 1164 depellor

500 1214 521 1284 i.
539 1236 571 1285 c.
592 1212 773 1324 communi
793 1212 949 1285 dialecto

302 1364 341 1436 όν
367 1364 469 1435 αὑτοῦ
493 1366 588 1434 λίθον
612 1367 677 1444 εἶμι
701 1356 829 1458 ἀνδρίας
848 1361 913 1454 (sc.
930 1359 948 1432 ci
964 1355 1105 1456 ἀνδρίας)
1131 1364 1183 1433 καὶ
1209 1361 1252 1432 τὸ
1276 1372 1420 1462 σφελας.

261 1529 357 1618 Nec,
374 1530 404 1602 si
422 1529 540 1601 Attice
566 1529 645 1599 lraec
673 1551 752 1599 esse
777 1537 923 1616 statuas,
943 1497 1283 1622 aliter'explicanda
1299 1531 1463 1618 veniunt,

262 1662 332 1736 nisi
363 1662 461 1758 quod
487 1661 556 1732 hac
584 1658 725 1731 ratione
755 1657 908 1730 articulo
940 1682 1006 1730 suo
1031 1683 1101 1732 vox
1127 1654 1256 1755 ἁνδριας
1282 1660 1461 1754 privetur,

263 1818 336 1891 quo
353 1804 485 1874 tomen.
504 1814 560 1861 mc
575 1788 714 1888 judice,
731 1789 792 1860 vix
820 1809 944 1860 carere
961 1797 1092 1884 potest.

337 1929 430 2000 Cum
457 1935 580 1998 autem
606 1924 703 2017 opud
721 1921 890 2017 antiquos
915 1922 950 1993 id
976 1921 1170 1994 maximum
1197 1923 1393 1996 duceretur
1420 1935 1463 1996 ut

261 2081 307 2131 ex
330 2060 458 2130 eodem
487 2052 629 2150 lapide²
645 2054 741 2126 basis
769 2063 807 2124 et
833 2063 951 2126 statua
977 2065 1195 2138 constarent,
1222 2054 1281 2127 vix
1309 2055 1461 2126 dubium

262 2187 416 2284 quinio
451 2185 554 2258 initio
588 2185 817 2282 Epigraplres
848 2171 1119 2283 longinquitate
1157 2185 1329 2281 temporis
1355 2184 1462 2258 litere

260 2311 296 2378 Τ
321 2315 439 2389 deleta
467 2315 523 2388 sit.
577 2314 683 2405 Quod
712 2313 743 2385 si
770 2335 893 2386 verum
922 2314 979 2400 sit,
1011 2315 1059 2386 itu
1084 2315 1165 2389 haec
1190 2315 1461 2410 interpretanda

263 2444 426 2517 veniunt.

385 2572 484 2648 “Ex
500 2575 621 2648 eodem
638 2571 755 2666 lapide
767 2573 879 2671 sacta
892 2595 988 2642 sum
1013 2580 1141 2644 statua
1161 2580 1196 2644 et
1217 2571 1357 2646 basis.''

261 2710 387 2783 Statua
418 2734 468 2781 sc.
500 2709 635 2781 sistitur
667 2706 834 2802 loquens,
868 2715 908 2777 ut
941 2705 977 2775 in
1009 2704 1243 2800 inscriptione
1274 2706 1385 2805 Sigea
1418 2719 1456 2781 et

261 2835 506 2932 compluribus
522 2835 603 2906 eliis
614 2834 636 2906 ³.
675 2832 795 2930 Hujus
822 2833 1011 2907 sententiae
1028 2844 1195 2905 auctores
1214 2836 1331 2907 habeo
1351 2835 1463 2908 Bent-

260 2973 410 3058 leiurn⁴,
438 2969 754 3058 Shdckiordium⁵,
773 2970 1018 3058 Duwesium⁶,
1046 2970 1324 3044 D'Orvillium7.
1379 2973 1463 3045 Alia

263 3103 492 3181 Chishullio⁸
519 3104 700 3201 placuere.
753 3103 914 3177 Statuam
934 3104 1029 3178 enim
1058 3106 1103 3177 de
1126 3102 1199 3202 qud
1222 3106 1354 3205 agitur,
1381 3130 1462 3179 eam

261 3262 341 3311 esse
377 3233 492 3311 voluit
531 3259 640 3330 quum
675 3259 781 3309 aereoe
819 3234 940 3309 Niciae
974 3235 1102 3331 palmae
1142 3235 1247 3308 ruina
1282 3236 1463 3335 dejectum

187 3458 191 3474 Ι
261 3371 369 3445 tradit
402 3367 656 3453 Plutarchus9,
683 3390 756 3462 quo
789 3392 886 3456 casu,
918 3392 1000 3441 cum
1029 3369 1126 3442 basis
1162 3394 1184 3441 a
1224 3379 1344 3443 ctutum
1369 3368 1461 3442 divi·

303 3610 313 3643 ¹
335 3606 501 3664 01⁴.anoe
521 3607 565 3667 M.
580 3607 614 3664 C.
634 3612 700 3670 127.
716 3614 746 3663 et
760 3612 835 3681 App.
927 3614 939 3647 ⁴
961 3612 979 3641 ‘⁸
991 3606 1126 3664 Letters”
1138 3608 1284 3681 ubisupre.

264 3705 299 3763 ad
315 3706 429 3765 Dawes.
441 3726 468 3779 p.
480 3710 550 3771 327.
565 3706 631 3782 (Ed.
647 3704 747 3780 Kidd.)
928 3701 940 3733 ⁵
960 3702 1086 3759 Connex.
1100 3702 1181 3761 Tom.
1195 3701 1218 3757 l.
1232 3720 1259 3776 p.
1276 3706 1345 3770 259.

304 3783 316 3815 ¹
337 3800 839 3877 cr.ranzisagg.r0m.1.p.1oo.
927 3792 1045 3854 ‘Mne
1061 3795 1132 3854 cot.
1146 3816 1173 3870 p.
1192 3802 1257 3854 132.
1347 3774 1355 3799 ⁸

266 3896 372 3955 Morini
394 3897 461 3955 Alb.
492 3916 519 3973 p.
541 3905 587 3957 10.
609 3898 684 3957 Plio.
705 3896 775 3953 Nat.
796 3892 837 3953 H.
929 3893 941 3929 ⁷
961 3888 994 3947 ln
1011 3908 1103 3952 exerc.
1127 3892 1160 3949 de
1178 3893 1266 3951 lnscr.
1284 3894 1465 3967 Del.(Misc.

266 3992 416 4050 XXXVI.
429 4000 458 4053 4.
486 4000 532 4051 10.
557 4002 587 4050 et
615 3998 662 4053 13.
684 3998 714 4061 9.
730 3997 758 4049 5.
782 3989 838 4065 (ed.
890 3987 963 4046 Obs.
996 3988 1034 4045 V.
1065 3994 1093 4053 7.
1126 3988 1210 4045 Tom.
1242 3990 1265 4046 l.
1299 4008 1325 4063 p.
1347 3992 1466 4057 Art-28.)

266 4084 418 4159 Harduin.)
438 4087 524 4145 Pauo.
537 4086 621 4143 Vlll.
635 4092 684 4152 37.
721 4082 840 4142 Fallitur
891 4082 973 4142 Adde
995 4102 1104 4161 quoque
1124 4094 1265 4142 auctorem
1284 4086 1412 4158 ignotum
1433 4086 1463 4144 in

267 4178 351 4252 igitur
375 4179 516 4239 Bentleius
543 4182 668 4249 (Letters
687 4181 777 4238 edited
801 4182 838 4257 by
891 4180 1012 4240 Observ.
1034 4182 1062 4238 in
1088 4181 1214 4256 lnseript.
1239 4200 1256 4239 a
1279 4183 1411 4241 Whelero
1435 4194 1465 4243 et

94 4271 103 4283 ⁴
266 4273 321 4333 Dr.
335 4274 371 4332 C.
387 4275 524 4353 Eumey.)
536 4296 565 4352 p.
581 4282 650 4335 252.
891 4274 991 4350 Sponio
1005 4275 1145 4351 vulgatus.
1189 4276 1276 4336 Misc.
1297 4278 1367 4336 Obs.
1383 4278 1463 4338 Μ.

307 4369 388 4428 ⁸Cf.
415 4371 519 4433 Herod.
547 4375 587 4433 V.
616 4381 664 4434 53.
717 4374 838 4430 Pauson.
890 4372 1026 4432 Tomll.
1049 4392 1077 4448 p.
1091 4378 1160 4432 200.

266 4466 305 4522 V.
315 4470 366 4525 ³0.
381 4466 434 4525 vt.
448 4464 498 4529 68.
534 4470 609 4532 Plct.
625 4470 713 4545 Hipp.
728 4490 755 4545 p.
767 4475 837 4541 229.
922 4466 939 4515 ,⁸
959 4467 1056 4545 Antiq.
1072 4470 1124 4526 As.
1140 4488 1169 4543 p.
1184 4474 1234 4525 43.

264 4559 333 4636 (Ed.
349 4560 472 4636 Semo.)
925 4569 937 4603 ⁹
958 4563 1031 4622 Plut.
1046 4562 1075 4622 in
1092 4564 1158 4621 Nic.
1173 4562 1233 4623 Vit.
1245 4570 1274 4624 3.
