3250 5350
151 539 285 606 luscus.
306 535 390 615 ΙΙΙ]
741 547 786 622 19

149 712 291 801 attinet,
316 713 415 786 bene
434 711 606 788 Graecum
633 725 689 790 est
711 749 879 800 ομυννμον
894 747 1028 814 anepos.
1076 713 1132 788 lta
1153 713 1354 788 leucrates¹

149 841 543 931 Σαλαμῖνα-ὄμόνυμον
557 851 620 932 τῆς
637 844 807 944 πρότερον
824 843 916 938 αὐτῷ
934 838 1104 942 πατρίδος.

227 975 289 1050 De
325 975 440 1050 verbu
470 1009 601 1051 rervm
633 1001 761 1051 omues
795 975 1038 1060 consentiunt.
1064 983 1106 1048 ut
1137 960 1203 1072 pro
1234 968 1353 1044 ἓκτισα

148 1106 328 1203 seriptum
343 1117 486 1205 putent.
528 1106 573 1182 ld
590 1119 689 1182 certe
707 1107 882 1183 veredici
899 1119 1030 1208 potest,
1052 1110 1146 1182 hanc
1163 1107 1313 1182 formam
1332 1127 1354 1176 a

147 1264 237 1315 vera
252 1241 352 1314 haud
377 1240 493 1342 magis
516 1240 690 1318 dissidere
709 1266 817 1338 quam
845 1241 964 1316 multae
988 1265 1071 1342 quae
1090 1241 1128 1316 iu
1149 1239 1267 1338 lapide
1290 1237 1353 1311 iilo

148 1372 340 1446 Rusettaeo
360 1385 569 1449 occurrunt.
612 1377 661 1449 At
691 1375 723 1450 si
751 1375 991 1451 concedamus
1019 1375 1233 1473 sculptorem
1261 1371 1353 1446 adso

145 1505 345 1580 barbarum
380 1506 493 1582 fuisse
524 1517 566 1581 ut
591 1509 688 1585 iuter
720 1541 849 1586 κειτωα
876 1521 912 1584 et
940 1511 1056 1584 ἐκτισα
1080 1507 1170 1582 nihil
1204 1505 1351 1580 differre

146 1644 306 1731 putaret,
356 1636 395 1710 id
439 1661 588 1736 quoque
637 1639 920 1726 concedendurn,
973 1637 1063 1712 nihil
1108 1635 1257 1712 omniuo
1305 1635 1350 1710 de

147 1765 365 1840 Graecorum
405 1768 640 1865 antiquorum
681 1769 862 1844 scribendi
898 1791 998 1844 more
1036 1791 1082 1842 ex
1121 1769 1189 1842 hoc
1227 1765 1349 1863 lapids

147 1900 259 1972 statui
286 1924 407 1997 posse.
458 1899 552 1975 Cum
578 1901 758 1974 autemid
786 1899 874 1975 mihi
895 1901 1044 1975 omuino
1068 1922 1279 1996 persuasum
1303 1896 1348 1971 sit

146 2034 417 2132 Apogsuphum
445 2043 621 2120 nostrum,
653 2033 761 2106 modo
789 2030 912 2105 titulus
940 2031 1124 2138 genuinus
1156 2029 1214 2118 sit,
1249 2053 1347 2102 meu·

145 2171 271 2243 dusius
290 2195 497 2270 essequam
512 2173 612 2248 atde
630 2195 676 2244 eo
693 2172 878 2270 disputare
894 2183 973 2246 tuto
994 2172 1184 2269 possimus,
1212 2181 1248 2244 et
1266 2191 1347 2244 meo

146 2315 182 2378 et
206 2305 355 2380 lectoris
373 2309 450 2382 otiu
466 2309 612 2408 lougius
632 2309 735 2385 abuti
758 2309 856 2384 nolo.
904 2308 1011 2399 Quod
1034 2307 1064 2380 ri
1086 2308 1358 2406 Apographum·

145 2441 351 2514 accuratius
378 2465 425 2516 ex
442 2443 573 2518 lunum
602 2442 728 2518 insulis
755 2462 933 2538 accepera
958 2451 1154 2539 antequam
1181 2465 1272 2537 opus
1299 2443 1343 2514 ad

146 2571 257 2646 tinem
280 2577 500 2673 perduxero,
526 2579 564 2652 id
588 2604 671 2652 cum
697 2577 916 2654 lectoribus
944 2577 982 2651 in
1010 2575 1221 2675 Appendice
1246 2600 1345 2650 aum·

147 2706 352 2791 muniunto.

362 2918 372 2951 '
393 2920 510 2982 lauerat.
530 2922 559 2979 iu
579 2922 671 2999 Evag.
685 2940 713 2997 p.
728 2927 796 2990 ¹92.
810 2918 845 2983 C.
860 2922 905 2980 sd.
920 2920 1015 2998 Staph.
1034 2922 1121 2989 159³.
