3250 5350
256 453 288 521 iv
687 469 1029 518 nnonnconnun.

264 603 452 714 marmora,
484 624 540 696 vel
568 623 638 695 alia
664 623 841 717 longoerae
868 621 1055 693 vetustatis
1088 634 1320 699 monumenta
1350 591 1459 695 hodie

268 763 448 841 maneant,
478 775 521 824 ea
546 775 593 824 ex
617 748 784 821 omnibus
801 749 848 819 ad
869 771 960 842 quos
985 746 1069 818 mihi
1088 758 1212 841 pateat
1236 748 1355 820 aditus
1377 749 1459 819 fon·

777 991 962 1051 Munnron.

542 1134 679 1192 Basilides
691 1152 828 1190 annorum
843 1152 952 1192 xxrrr.

464 1233 539 1289 Scire
551 1229 629 1303 cupis
642 1229 742 1303 hospes
755 1228 816 1302 quis
829 1229 884 1284 sim
898 1227 999 1302 etquis
1013 1247 1059 1285 me
1073 1231 1207 1301 genuerit,

466 1327 573 1400 Accipe
585 1343 733 1400 parumper
746 1331 824 1381 stans
839 1343 889 1398 pro
903 1324 1053 1383 tumulum.

468 1423 572 1480 Geuuit
584 1439 629 1476 me
643 1417 769 1476 Glaucus
782 1428 871 1494 peter,
886 1420 991 1492 peperit
1004 1438 1050 1475 me
1062 1438 1128 1478 vero
1142 1431 1232 1478 mater

467 1516 651 1591 chrysogone
664 1512 712 1568 aed
723 1531 764 1568 me
776 1512 913 1590 infelicem
925 1513 995 1571 sitit
1001 1513 1135 1592 prrffuit!

583 1606 638 1665 dre.
659 1605 714 1665 dcc.
732 1605 786 1663 dre.

276 1785 343 1842 Jam
357 1791 461 1854 autern,
475 1784 546 1859 quod
554 1784 619 1858 Jure
629 1781 750 1851 mireris,
765 1780 847 1856 Cyri-
897 1783 983 1839 Aliud
997 1790 1090 1840 autem
1104 1785 1265 1860 exemplum
1279 1785 1373 1843 forsan
1386 1795 1466 1844 nota-

276 1899 342 1938 acus
357 1900 375 1937 a
387 1899 450 1954 quo,
463 1880 515 1937 nisi
528 1878 619 1948 fallor,
638 1887 750 1952 uterque
763 1897 845 1934 suurn
895 1877 977 1936 bilius
995 1889 1073 1937 extat
1091 1882 1163 1954 quod
1185 1881 1328 1939 Corsinius
1346 1883 1465 1938 notarit.

276 1976 468 2051 apographum
488 1974 617 2048 sumpsit,
637 1981 711 2030 recte
733 1973 845 2028 omniuo
894 1975 988 2046 (som.
1004 1976 1027 2032 Ι.
1054 1997 1083 2050 p.
1098 1983 1158 2034 380
1178 1981 1232 2052 sq.)
1259 1979 1319 2036 En!
1340 1978 1466 2053 ejusdem

277 2071 472 2144 exscripserat,
485 2077 647 2125 unotameu
661 2075 744 2140 atque
759 2063 847 2122 altero
896 2067 1079 2140 inscriptionis
1110 2068 1196 2125 finem
1222 2080 1303 2142 prout
1329 2075 1366 2126 ¹a
1392 2071 1468 2127 Gru-

277 2167 362 2220 rerbo
382 2163 497 2220 omisso.
538 2161 583 2218 cf.
604 2159 715 2235 Cyriac.
737 2160 848 2216 Ancon.
897 2166 966 2230 tero,
989 2180 1016 2234 p.
1032 2159 1101 2220 464.
1128 2169 1157 2230 7,
1183 2162 1220 2219 ὀ
1246 2164 1412 2234 Muratorio,
1437 2185 1467 2240 p.

277 2258 557 2333 p.xx.1nscr.135.
579 2255 665 2310 Recte
675 2271 781 2328 quoque
789 2251 848 2308 adi·
900 2251 968 2312 560.
987 2262 1012 2324 l,
1033 2258 1163 2315 eschedis
1172 2258 1228 2315 suis
1238 2268 1267 2315 et
1276 2259 1390 2334 Cyriaci
1400 2259 1470 2314 Bar-

277 2358 357 2413 derat
379 2354 508 2411 ntaffeius
529 2352 619 2428 (Mus.
634 2353 740 2408 Veron.
756 2353 850 2419 uxr.)
900 2349 1010 2420 herinis,
1034 2352 1091 2410 ³ab
1109 2356 1217 2426 eodem,
1237 2376 1265 2430 p.
1281 2353 1351 2426 ⁵67,
1371 2374 1387 2411 e
1406 2374 1470 2411 mu·

277 2449 331 2506 nisi
346 2449 418 2524 quod
435 2449 464 2504 in
478 2447 570 2521 prima
588 2445 661 2502 linea
682 2441 853 2518 (Πυνθάνεαί
899 2463 945 2502 seo
955 2445 1125 2521 Kempiano,
1141 2451 1178 2506 ‘a
1188 2451 1291 2526 Spoaio
1306 2451 1369 2507 ltin.
1382 2451 1470 2508 Tom.

280 2567 321 2600 τιο
333 2543 410 2620 ἔφυν,
425 2538 495 2620 ξένε,
511 2540 589 2600 ‘racd'
600 2537 745 2614 ἐγενήθην)
758 2556 845 2593 unum
900 2541 956 2599 III.
980 2561 1011 2616 p.
1026 2548 1073 2612 18,
1102 2545 1275 2621 ⁶aCyriaco
1295 2547 1323 2603 in
1339 2545 1469 2619 inscript.

280 2640 378 2714 pedem
405 2639 498 2697 deesse
518 2637 594 2695 haud
609 2632 845 2693 animadverterit.
897 2650 927 2706 p.
951 2637 1001 2697 73.
1042 2634 1098 2693 Νο.
1115 2642 1162 2695 10.
1215 2638 1271 2696 Sed
1304 2657 1392 2714 pauca
1424 2637 1473 2693 hie

360 2823 387 2873 1.
700 2840 780 2852 —-·-
801 2808 971 2883 προυοῦντοο

639 2903 767 2978 Φλαβίου
789 2900 930 2981 πρυλᾶδου

631 2998 723 3057 Ἀλου
744 2994 972 3068 διασεμνοτάτου

741 3092 920 3172 Ἀρχοντοο.

702 3270 783 3282 --
803 3238 975 3315 προνοῦντοο

605 3333 734 3408 Φλαβίου
756 3333 809 3387 τοῦ
829 3330 968 3413 δαδοῦχου
990 3335 1043 3391 τοῦ
1063 3335 1244 3406 σεμνοτάτου

750 3424 928 3505 Ἀρχουτοτ.

715 3610 739 3623 ..
754 3609 779 3623 ..
807 3570 977 3646 προνοῦντοτ

645 3660 774 3735 Φλαβίου
796 3660 949 3738 τρολᾶδου.

712 3808 829 3883 προναία
848 3806 977 3880 Φλαβίου
995 3808 1070 3880 Πομ.

645 3899 784 3979 δαδοῦχου
805 3901 861 3957 τοῦ
876 3900 996 3971 diacope

646 3992 738 4049 τάτου
759 3994 803 4050 καὶ
822 3993 882 4049 α’τό
905 3994 1047 4066 Κομὶτυν.

723 4179 748 4192 ..
763 4180 789 4194 ..
813 4140 941 4214 προνοίαι

605 4228 735 4303 Φλαβίου
758 4227 912 4287 δαδουᾶλου
941 4231 994 4287 τοῦ
1010 4231 1223 4304 διασημοτᾶτου

756 4326 928 4406 ’Ἃρχουτοο

665 4418 706 4474 troi
730 4419 790 4475 (ἶπδ
812 4417 952 4487 Κομῖταν.
