3250 5350
330 475 404 546 336
795 493 1029 542 sesannia.

413 654 582 739 Reliquum
599 654 683 736 quod
698 651 824 714 estsine
839 651 963 734 negotio
980 651 1119 735 suppleri
1132 651 1257 734 poterit.
1299 653 1387 716 Nam
1402 668 1476 718 ante

335 755 437 817 literas
463 757 546 814 ΥΚΙ.
563 750 701 832 paullum
723 747 852 811 affectas
878 762 1008 831 apparet
1034 747 1127 811 etiam
1150 748 1297 831 particula
1315 749 1413 813 literae
1442 760 1476 814 E.

335 849 408 914 Jarn
437 854 545 910 EYKL
568 845 688 908 initium
714 859 761 908 est
783 845 1134 918 venerabamur,
1158 868 1221 930 quo
1249 845 1365 928 scripto
1389 855 1475 910 ΠΑΤ

337 947 546 1030 supplendum
562 941 621 1006 erit
633 949 797 1003 ΠΑΤΡΙΔ.
842 941 1051 1004 Confirmatur
1065 942 1096 1004 id
1113 943 1348 1024 computatione
1366 943 1472 1007 litera·

337 1067 404 1107 rum
427 1043 459 1105 in
476 1037 721 1125 precedentibus
745 1037 895 1115 versibus,
926 1060 994 1121 que
1021 1038 1098 1102 inter
1122 1045 1206 1102 naT
1224 1051 1257 1102 et
1279 1047 1388 1103 EYKL
1413 1055 1474 1103 tres

336 1141 437 1204 literas
464 1137 614 1200 excidisse
639 1149 800 1209 testantur,
828 1158 905 1219 quas
932 1137 1060 1198 reducas
1084 1135 1199 1218 scripto
1219 1142 1292 1197 ΚΑΙ
1314 1137 1474 1198 ΠΑΤΡΙΔ

339 1241 588 1310 EYKLEIEAN,
615 1247 649 1294 ut
677 1230 752 1294 fecit
780 1235 848 1316 jam
876 1230 1180 1294 visconissa-Ad
1213 1233 1398 1296 sententiam
1431 1237 1469 1296 cs.

337 1333 493 1414 Tyrtaeum
508 1353 563 1395 ιιι.
587 1338 642 1392 23.

413 1467 519 1540 Αὑτόι
543 1464 567 1535 d
594 1465 629 1536 ἑν
654 1465 854 1561 προμάχοισι
879 1467 989 1536 πεσιίν
1014 1473 1116 1562 φίλον
1140 1465 1248 1539 ὤλεσε
1273 1469 1373 1555 θνμιίν

454 1562 568 1636 ‘Auru
593 1593 633 1632 τε
649 1565 701 1633 καί
726 1562 824 1636 hands
848 1564 897 1632 καί
923 1559 1055 1656 πατρίδ’
1081 1564 1259 1641 edeltridae.

340 1719 420 1782 Haec
447 1716 550 1796 habui,
579 1739 648 1801 quae
667 1718 706 1778 de
730 1715 890 1799 epitaphio
916 1716 1110 1794 dissererem,
1137 1719 1329 1784 hauddubie
1356 1721 1470 1803 pretio-

337 1815 463 1884 sissimis
481 1813 637 1876 literarum
661 1811 868 1874 monumentis
886 1813 1030 1875 marmori
1055 1812 1222 1896 inscriptis,
1246 1838 1311 1899 quae
1331 1840 1370 1878 ex
1387 1817 1466 1878 anti·

335 1910 452 1996 quitate
466 1911 505 1970 ad
522 1932 580 1972 nos
602 1911 703 1970 delata
720 1920 803 1984 sunt,
831 1910 1071 1972 adnumerando.
1125 1911 1202 1996 Ejus
1228 1912 1302 1974 enim
1319 1925 1367 1974 est
1384 1913 1464 1975 anti·

335 2005 475 2092 quitatis,
492 2019 526 2068 ut
538 2029 557 2068 a
572 2004 680 2089 paucis
697 2003 744 2066 sui
761 2003 883 2086 generis
898 2021 1068 2088 superetur,
1087 2023 1119 2068 et
1131 2023 1279 2072 vetustam
1293 2009 1470 2072 Atticorum

335 2103 524 2168 literaturam
541 2117 634 2187 atque
656 2099 903 2184 orthographiam
930 2102 1050 2184 plenius
1075 2103 1201 2167 exbibet
1224 2104 1380 2182 omnibus,
1406 2131 1473 2190 que

336 2203 497 2285 hucusque
514 2203 553 2262 ad
574 2199 714 2262 notitiam
731 2211 865 2260 nostram
882 2213 1096 2280 pervenerunt.
1150 2201 1304 2264 Praeterea
1321 2222 1474 2266 memora·

338 2298 399 2360 bile
424 2313 481 2370 est,
509 2310 654 2379 tauquam
682 2307 925 2368 monumentum,
958 2299 1042 2380 quod
1068 2296 1195 2382 publica
1220 2321 1295 2361 cura
1321 2299 1393 2362 siris
1420 2323 1475 2381 pro

338 2394 442 2476 patriae
460 2393 557 2476 gloria
572 2391 699 2457 mortuis
713 2390 861 2473 positum,
883 2405 914 2454 et
931 2396 1014 2475 quod
1033 2393 1133 2454 solum
1154 2394 1217 2455 fere
1232 2418 1272 2456 ex
1288 2418 1406 2478 magno
1424 2396 1475 2458 illo

337 2494 550 2574 sepulcrorum
568 2511 642 2570 agro
661 2489 805 2570 supersit,
829 2487 881 2569 qui
894 2486 1078 2568 imaginibus
1095 2502 1127 2551 et
1144 2489 1280 2552 versibus
1299 2497 1475 2555 seculorum

338 2586 465 2669 gloriam
480 2599 653 2659 testaretur,
670 2582 871 2667 omniumque
886 2584 1009 2646 nomina
1023 2585 1192 2666 posteritati
1206 2589 1350 2660 traderet,
1367 2589 1480 2673 quibus

337 2685 510 2766 contigerat
526 2706 583 2767 pro
602 2680 698 2765 patria
726 2682 934 2764 pugnantibus
952 2682 1041 2745 mori.
1087 2684 1193 2765 Auget
1216 2684 1344 2767 insuper
1368 2688 1476 2749 veteris

337 2781 443 2862 elegias
468 2779 624 2863 reliquias,
657 2778 792 2840 dictione
821 2777 1025 2860 conspicuum
1052 2780 1187 2862 simplici
1217 2796 1250 2843 et
1275 2784 1316 2842 ad
1343 2782 1475 2864 Tyrtaei,

334 2875 524 2958 Theognidis
543 2889 634 2957 atque
653 2872 776 2935 Solonis
792 2874 929 2935 indolem
944 2878 1147 2953 conformata,
1174 2900 1243 2959 quae
1259 2900 1368 2941 versus
1383 2880 1474 2943 finem

337 2972 439 3056 prisca
464 2969 624 3033 nobilitate
641 2968 785 3049 insurgat.
840 2968 985 3054 Denique
1003 2970 1033 3033 in
1062 2995 1099 3033 eo
1125 2974 1275 3036 babemus
1298 2998 1404 3039 rerum
1425 2978 1475 3039 illo

335 3085 476 3151 tempore
490 3078 643 3148 gestarum
656 3067 890 3141 documentum,
917 3066 1130 3151 incorruptum
1143 3070 1254 3153 suique
1271 3074 1397 3151 generis
1410 3074 1475 3135 uni·

333 3190 415 3241 crrm,
437 3163 555 3249 quippe
573 3164 612 3225 ad
627 3162 715 3243 cujus
730 3176 943 3244 argumentum
963 3164 1156 3246 Thucydidis
1173 3166 1334 3229 historiam
1354 3170 1475 3251 exigere

336 3264 469 3349 indeque
484 3259 637 3343 egregiam
651 3260 718 3342 ejus
731 3258 823 3321 tidem
839 3264 1043 3341 comprobare
1060 3260 1144 3324 licet.

408 3392 531 3464 Restat,
554 3404 588 3453 ut
607 3388 710 3470 ipsum
725 3388 949 3470 subjungamus
964 3412 1001 3451 ea
1016 3391 1126 3466 forma,
1143 3393 1181 3452 ad
1198 3414 1296 3475 quam
1313 3392 1474 3455 communi

336 3486 518 3561 amicorum,
544 3484 685 3546 Visconti
703 3497 794 3570 atque
808 3498 912 3545 nostra
931 3506 1026 3566 opera
1038 3486 1174 3549 revocari
1191 3488 1314 3569 potuit:

444 3623 626 3695 ’Λθιίνατον
650 3623 743 3695 κλέος
767 3616 832 3690 oide
857 3625 960 3714 φίλην
982 3625 1058 3717 περί
1085 3620 1214 3719 πατρίδ’
1240 3621 1377 3707 ἔθεντο,

509 3724 668 3803 Σημαῖνον
691 3715 725 3787 ll
749 3719 843 3813 μιίχη
867 3712 1056 3799 δυσμενέεσι
1080 3721 1167 3807 βίην·

328 3977 452 4049 aliquam
468 3972 653 4046 expressisse?
682 3970 771 4026 Addit
790 3971 873 4038 enim,
925 3990 964 4026 sc.
989 3970 1098 4027 wealde
1111 3971 1218 4047 dperdc
1238 3972 1432 4050 Πατρόκλων
1447 3975 1483 4029 ml

328 4055 355 4110 ld
369 4055 475 4109 sactum
925 4046 1052 4125 Τειίκριον
1077 4050 1201 4115 ποιησαι,
1228 4048 1257 4102 ld
1288 4062 1384 4109 antea
1411 4052 1483 4111 Euri·

926 4126 1002 4199 pides
1036 4126 1069 4180 de
1097 4145 1125 4181 se
1154 4138 1284 4182 removet
1320 4131 1373 4187 bis
1402 4133 1482 4187 verbs

928 4224 954 4261 v.
964 4210 1032 4271 988.

459 4158 490 4215 ἵν’
505 4158 641 4235 ἐπαίροιμ’
654 4158 740 4234 ἄνδρα
755 4160 876 4221 πολίτην

328 4240 511 4296 ἀντεκτείνειν
523 4236 611 4292 adadu
622 4240 743 4306 roris-ors,
765 4235 877 4291 ὁπόταν

328 4320 486 4387 σάλπιγγος
501 4312 616 4392 α’κοιίση.
1112 4280 1168 4336 οὐδ’
1180 4278 1379 4357 &Cirrhae-w,
1391 4289 1481 4344 αὖτνίι

926 4357 1070 4414 Κύκνους
1092 4361 1195 4415 ποιεῖν
1216 4360 1271 4413 καί
1302 4362 1479 4433 Μέμνονα

329 4444 461 4498 Ceterum
475 4440 546 4513 quod
562 4440 591 4495 h.
604 4439 623 4494 l.
637 4438 788 4510 AEschylus
797 4437 873 4503 dicit,
926 4436 1274 4514 ιιιόιινοφαλιιροιιιίλουι.
