3250 5350
173 491 302 560 Istron.
327 491 372 570 1.]
756 503 803 562 4³

173 665 245 738 istu
267 697 464 753 καπωειν,
492 667 700 758 taddeum
732 679 768 742 et
795 691 908 764 quum
936 667 972 739 in
1001 667 1069 742 hae
1096 677 1230 745 tessera
1252 667 1369 744 διπλα-

170 819 313 883 σιασμος
335 797 497 896 ejusdem
526 797 640 872 literae
664 823 843 896 nusquam
870 809 1054 896 appareat,
1087 801 1242 897 proclive
1271 803 1368 876 dictu

172 934 229 998 est
253 922 512 1013 xmadnteonaa,
542 927 698 1002 breviori
729 927 856 1015 forma,
888 951 960 1002 non
988 927 1055 1000 nisi
1082 953 1146 1027 per
1172 929 1370 1018 καδηλεομαι

172 1063 282 1136 scribi
298 1087 417 1161 posse.
453 1062 545 1137 Haec
557 1076 678 1138 autent
694 1066 816 1144 omnia
829 1065 865 1138 in
884 1065 1022 1140 lubrico
1036 1077 1241 1154 venantum
1262 1093 1369 1144 nemo

171 1191 310 1289 aliquid
333 1194 422 1267 certi
446 1203 605 1268 statuere
624 1206 755 1292 potest.
808 1195 1003 1268 verissime
1026 1205 1146 1271 tamen
1172 1197 1369 1298 Knightiur

171 1323 316 1396 rnonuit
339 1323 578 1421 compositum
603 1323 903 1413 καταδηλεομαι
929 1327 1026 1400 haud
1050 1327 1138 1404 aiibi
1165 1355 1366 1408 occurrere.

170 1456 257 1552 Ipse
285 1456 434 1554 quidem
460 1457 716 1555 propositione
742 1493 830 1533 κατα
855 1483 938 1534 cum
964 1461 1078 1534 verbo
1104 1459 1258 1550 δηλεομαι
1283 1489 1368 1538 con·

164 1583 279 1682 jungi
323 1585 478 1680 nequire
511 1595 626 1682 putat.
680 1586 818 1677 “Quid
853 1585 949 1661 enim
986 1595 1118 1675 esset‚”
1154 1589 1206 1662 ait
1241 1593 1368 1688 “apud

169 1729 365 1806 nostrates,
400 1727 436 1790 to
468 1717 590 1814 injure
617 1720 732 1808 doun,
765 1731 801 1794 to
827 1720 915 1792 duat
943 1719 1099 1794 down?”
1145 1723 1192 1795 At
1218 1725 1245 1796 si
1282 1726 1368 1800 mihi

162 1852 336 1950 judicare
357 1851 455 1940 lieet,
480 1837 562 1930 hec
588 1853 694 1926 nimis
717 1865 848 1954 argute
875 1853 930 1929 vir
950 1854 1207 1928 celeberrimus
1220 1887 1230 1943 ;
1260 1859 1369 1932 muita

169 1989 271 2061 enim
289 1996 417 2060 extant
435 1988 547 2062 verba
562 2013 645 2063 curn
663 1991 731 2062 hac
747 1989 1002 2087 praepositione
1020 1983 1219 2088 composita
1237 1993 1369 2090 quibus

169 2131 294 2194 tamen
333 2120 481 2194 minime
518 2121 664 2218 propria
700 2122 779 2220 ejus
819 2121 872 2194 vis
914 2133 1104 2222 congruat.
1156 2123 1367 2200 Notandum

169 2264 354 2352 praeterea
377 2249 546 2339 δολεμενοι
571 2275 640 2326 nec
666 2253 750 2326 huic
777 2277 845 2326 nec
871 2254 974 2327 alteri
1004 2256 1194 2353 hypothesi
1220 2255 1369 2332 omnino

170 2409 391 2486 congruere.
454 2385 495 2457 Si
529 2385 681 2482 perfecti
714 2388 885 2483 temporis
919 2387 1147 2481 participium
1176 2389 1232 2475 sit,
1267 2387 1369 2464 δαλα-

170 2552 275 2603 μενοι,
312 2516 343 2588 si
377 2514 568 2613 praesentis
600 2515 788 2601 δαλεομενοι
822 2516 878 2588 vel
904 2514 1025 2587 forsan
1056 2512 1225 2602 dationem
1255 2519 1369 2616 magis

169 2641 460 2750 exportaremus.
513 2647 587 2723 Sed
612 2649 839 2747 quodmodo
865 2645 949 2735 dixi,
977 2645 1014 2719 id
1039 2646 1096 2720 hic
1119 2651 1367 2746 repetendum,

169 2781 208 2853 in
248 2778 333 2853 rudi
375 2776 512 2850 scilicet
553 2802 620 2850 nec
658 2776 781 2850 forsan
823 2776 891 2849 sibi
931 2799 995 2873 per
1032 2776 1154 2851 omnia
1193 2782 1367 2855 constanti

170 2908 338 2996 dialecto,
370 2906 460 2979 nihil
490 2905 574 2979 satis
600 2906 690 2978 certi
722 2906 831 2979 statui
862 2928 979 3002 posse.

242 3038 290 3111 [r.
307 3047 343 3126 7.
375 3043 417 3109 Αι
437 3032 482 3109 'ds
513 3066 570 3132 τιρ
594 3068 641 3107 τα
666 3046 807 3135 woden
834 3068 891 3109 ται
916 3034 1120 3111 καδαλεοιτο.
1173 3039 1279 3129 Quod
1309 3074 1367 3137 τῳ

106 3180 109 3183 ’
169 3172 299 3244 attinet
333 3169 378 3242 cf.
407 3168 507 3241 locos
541 3191 649 3264 supra
680 3168 807 3239 citatos
837 3168 882 3239 de
912 3192 1001 3242 voce
1034 3198 1131 3267 τοιρς
1165 3202 1226 3242 τω
1244 3196 1311 3268 pro
1344 3172 1366 3244 d

168 3302 320 3399 vulgare
329 3330 340 3387 ;
381 3308 522 3399 γραφεα
550 3321 632 3369 curn
663 3297 841 3395 Knightio
872 3299 1011 3394 explico
1046 3325 1095 3373 sc.
1128 3314 1167 3372 ut
1192 3314 1299 3375 antea
1327 3337 1365 3376 ea

167 3458 233 3530 pro
249 3466 314 3518 «ιη,
333 3431 386 3504 sic
402 3432 471 3502 hoe
488 3430 524 3501 in
542 3429 623 3502 loco
640 3439 782 3528 γραφεα
794 3453 860 3525 pro
878 3442 1028 3529 γραφειη
1043 3429 1195 3527 positura
1212 3432 1363 3507 videtur.

167 3562 262 3652 Quae
295 3558 458 3644 mutatio,
487 3558 555 3631 uisi
587 3559 705 3645 failor,
732 3560 828 3632 haud
856 3560 942 3633 aiibi
968 3561 1137 3649 occurrit,
1164 3565 1228 3637 sed
1256 3566 1300 3639 de
1327 3600 1364 3639 εα

166 3696 227 3769 rix
241 3693 422 3767 'dubitare
441 3715 643 3789 possumus,
670 3715 781 3789 quurn
807 3692 989 3765 sententia
1011 3692 1147 3765 nullum
1173 3694 1241 3766 nisi
1263 3708 1364 3793 opta·

165 3827 280 3901 tivum
319 3837 462 3920 tempus
496 3822 659 3918 recipere
700 3798 892 3897 videatur·
927 3823 1033 3915 Quod
1072 3824 1102 3895 si
1139 3849 1261 3899 verum
1306 3828 1362 3920 sit,

163 3982 344 4057 germana
369 3966 423 4029 est
446 3954 595 4028 omnino
614 3954 730 4028 forma
752 3966 907 4055 γραφεα.
961 3954 1106 4042 Postea,
1129 3990 1184 4027 ται
1206 3956 1228 4029 i.
1247 3982 1279 4029 e.
1304 3990 1360 4058 τῃ,

163 4114 233 4187 pro
255 4121 366 4189 ταυτῃ
392 4090 461 4185 (so.
485 4087 624 4185 ρητρᾳ),
651 4088 749 4182 quod
769 4084 879 4185 vulgo
905 4084 1038 4159 factum
1062 4110 1186 4160 omues
1210 4088 1362 4163 sciunt¹.

162 4220 236 4294 His
252 4220 371 4293 verbis
389 4216 565 4304 innuitur,
586 4225 627 4289 ut
649 4217 770 4304 credo,
791 4214 903 4311 ipsius
924 4217 1148 4288 monumenti
1166 4217 1343 4293 violatio².

241 4352 314 4426 Hic
337 4363 460 4427 autern
486 4378 509 4425 a
537 4350 775 4425 Boissonadio
809 4362 1028 4424 memoratur
1057 4351 1266 4449 conjectura
1295 4353 1360 4429 viri

286 4602 363 4683 {cr
377 4604 483 4663 atomi.
496 4604 532 4663 au
546 4605 626 4680 Sept.
639 4604 729 4663 Theb.
747 4610 794 4670 ιγ.
903 4600 915 4683 ξ
935 4600 1046 4661 vireu
1060 4600 1133 4661 inira
1145 4579 1174 4677 15.
1188 4607 1239 4668 u.
