3250 5350
863 488 912 548 30
1274 487 1418 569 [Cusss.
1443 488 1494 556 11.

293 653 331 749 (Ι.
346 657 396 748 9.)
413 678 479 726 sua
493 655 578 727 sede
593 663 676 751 post
693 666 843 729 coeteras
862 659 991 730 incisas
1009 659 1138 754 posita.
1171 658 1278 749 Quod
1293 665 1492 736 notandum

281 811 340 890 ‚ne
376 787 457 884 quis
491 786 678 884 imperitus
714 813 794 861 cum
832 791 950 864 foedus
984 791 1165 886 explicare
1201 804 1371 892 nequeat,
1406 819 1493 870 suas

292 915 517 1014 conjecturas
549 899 749 1014 injiciendo
795 920 928 990 nodum
964 943 1088 992 secere
1124 919 1221 993 velit.
1274 919 1489 997 Notandum

292 1073 439 1148 quoque
473 1053 521 1124 ob
553 1053 703 1123 eandem
738 1074 896 1138 causam,
931 1053 1112 1126 tantulum·
1141 1053 1286 1126 lominae
1322 1057 1490 1130 nocuisse

289 1192 444 1279 tempus,
481 1192 521 1254 ut
554 1205 602 1254 ne
635 1192 808 1276 punctum
844 1183 1002 1277 quidem,
1035 1185 1184 1277 (nedum
1214 1184 1333 1278 litera)
1369 1187 1406 1261 in
1444 1215 1490 1262 ea

289 1313 502 1412 ambiguum
530 1321 592 1383 eut
616 1313 810 1386 obscurum
839 1311 895 1384 sit.
1251 1308 1261 1327 ¹
1444 1403 1449 1410 ι

364 1441 447 1531 Quo
487 1453 647 1538 tempore
689 1440 807 1512 foedus
847 1441 989 1528 initum,
1025 1441 1167 1516 difficile
1206 1445 1328 1532 dictu;
1366 1456 1488 1520 vetus-

289 1571 463 1644 tissimum
490 1584 609 1645 autem
641 1596 720 1644 esse
751 1572 862 1646 multa
890 1573 1097 1644 ostendunt:
1145 1571 1265 1645 Verba
1297 1573 1393 1645 enim
1427 1574 1488 1647 bic

289 1705 519 1800 reperiuntur
548 1727 642 1798 qum,
678 1704 805 1776 eodem
838 1701 964 1775 saltem
995 1725 1119 1788 sensu,
1150 1703 1246 1773 haud
1272 1703 1359 1776 alibi
1386 1707 1487 1801 apud

288 1834 414 1907 solutae
454 1835 624 1908 orationis
659 1836 849 1932 scriptores
890 1833 949 1932 vel
990 1833 1274 1929 antiquissimos.
1300 1835 1484 1934 leguntur.

289 1967 425 2042 Literae
450 1967 636 2040 nonnullae
669 1966 919 2063 antiquissima
943 1966 1058 2038 forma
1079 1965 1286 2038 efficiuntur
1300 1997 1310 2054 3
1338 1980 1375 2039 et
1406 1967 1486 2064 ipse

287 2096 402 2169 oratio
424 2095 561 2167 inculta
578 2108 634 2168 est
656 2119 764 2193 quarn
788 2099 955 2185 maxime,
982 2107 1093 2192 atque
1109 2099 1230 2184 rudis;
1255 2101 1352 2196 quod
1372 2099 1484 2174 cuivis

286 2227 360 2298 duo
395 2226 549 2314 leodem,
587 2229 684 2324 apud
720 2228 976 2326 Thucydidem
1021 2239 1244 2316 conservata,
1284 2232 1485 2325 eademque

285 2350 439 2424 dialecto
451 2353 665 2450 conscripta,
682 2354 889 2450 inspicienti
906 2355 1035 2428 clarius
1048 2355 1196 2452 patebit.
1238 2355 1308 2430 llis
1325 2367 1482 2430 nostram

286 2491 421 2582 Ρητραν
437 2485 579 2558 duobus
602 2487 690 2560 totis
707 2488 849 2562 saeculis
872 2487 1089 2562 antecedere
1114 2499 1217 2581 putat
1244 2487 1482 2585 Knigbtius¹.

284 2613 378 2688 Cum
412 2626 535 2691 autern
564 2618 692 2715 populi
725 2619 784 2692 bic
817 2621 1003 2693 memorati
1038 2618 1182 2695 obscuri
1217 2629 1342 2693 essent
1371 2629 1483 2716 atque

284 2748 475 2846 ignobiles,
501 2730 668 2848 adeoque
687 2753 871 2827 literarum
899 2754 1008 2827 rudes
1034 2764 1086 2839 ut,
1109 2755 1288 2849 'quantum
1312 2753 1482 2841 sciemus,

283 2880 344 2960 uix
371 2903 415 2950 ac
444 2905 491 2951 ne
522 2882 583 2952 rix
612 2881 758 2976 quidem
788 2881 942 2954 dialecto
968 2882 1036 2955 sibi
1067 2874 1212 2978 propria
1238 2881 1370 2955 librum
1394 2908 1483 2958 con·

283 3010 456 3107 scriptum
476 3012 683 3100 habuerint,
711 3013 880 3109 sculptor,
906 3016 936 3087 si
954 3016 1100 3112 quando
1117 3014 1199 3087 aeris
1219 3015 1274 3089 vel
1295 3017 1484 3097 marmoris

282 3144 467 3219 incidendi
493 3144 696 3217 necessitas·
713 3155 838 3218 exorta
856 3146 975 3235 fuerit,
1004 3148 1136 3220 nullam
1161 3158 1296 3222 certam
1315 3150 1482 3249 regulam

282 3302 390 3377 quam
416 3287 643 3376 sequeretur,
668 3279 804 3350 babere
824 3277 951 3372 potuit.
1005 3276 1113 3370 Quod
1137 3302 1220 3367 cum
1242 3281 1292 3353 ita
1316 3281 1373 3368 sit,
1403 3306 1484 3355 aevo

281 3406 367 3479 alibi
384 3407 538 3496 cultiori,
553 3408 646 3480 inter
663 3408 728 3479 has
744 3417 875 3505 gentes
893 3390 1181 3503 incultissimum,
1200 3434 1311 3506 quum
1328 3410 1484 3506 loquen-

282 3539 330 3627 di,
359 3549 436 3611 tum
458 3538 652 3625 scribendi,
670 3563 805 3612 morem
826 3540 887 3612 diu
914 3540 1154 3639 permansisse
1182 3542 1329 3616 minime
1355 3566 1484 3617 avero

281 3675 452 3749 alienum.
505 3675 597 3748 Haec
631 3675 707 3748 fere
743 3684 829 3749 sunt
861 3651 943 3773 quae
978 3676 1182 3773 impediunt
1212 3676 1405 3773 quominus
1436 3678 1484 3750 de

202 3806 205 3812 ’
280 3806 429 3881 foederis
457 3818 566 3881 oetate
599 3806 736 3904 aliquid
760 3810 933 3881 audacter
956 3808 1149 3904 proferam,
1183 3806 1418 3904 efficiuntque
1441 3820 1484 3882 ut

279 3937 395 4010 libens
412 3938 447 4011 in
463 3936 631 4036 Knigbtii
650 3940 865 4011 sententiam
886 3962 978 4027 eam,
1006 3939 1158 4013 dicentis
1178 3938 1317 4013 scilicet
1334 3912 1482 4035 difficile

281 4096 360 4145 esse
394 4070 533 4167 aliquid
567 4071 656 4145 certi
686 4082 845 4145 statuere
875 4072 921 4143 de
951 4070 1248 4167 inscriptionibus
1280 4098 1363 4171 quae
1394 4099 1482 4148 vern

280 4200 430 4272 historie
445 4200 501 4274 vel
519 4202 729 4275 vetustiores
741 4211 826 4274 sunt
842 4200 896 4273 vel
914 4201 1077 4299 indignae
1093 4224 1183 4298 quas
1199 4212 1385 4276 memoret.
1405 4202 1480 4275 Sed

280 4326 402 4399 forsan
432 4326 519 4400 illud
546 4330 757 4414 notandum,
782 4330 820 4400 in
853 4328 922 4401 boc
949 4328 1088 4401 foedere
1111 4328 1302 4403 articulum
1330 4325 1479 4423 proprio

549 4619 552 4627 ’
647 4600 656 4633 ¹
679 4600 753 4674 liph.
777 4598 870 4658 Closs.
892 4598 978 4661 Xlll.
999 4621 1027 4675 p.
1044 4607 1110 4666 117.
