3250 5350
863 448 933 507 258
1240 448 1384 532 [Ccnss.
1412 453 1469 518 ili.

429 885 580 966 Canas.
611 880 701 964 III.
759 885 887 965 Sacr.
915 884 979 964 Π.
1035 884 1190 968 Iuscn.
1218 890 1328 972 XII.

521 1108 758 1183 nnnuoa
785 1108 1136 1189 andrunnun
1159 1114 1231 1189 rx.

739 1330 832 1389 ΤΑΒ.
848 1255 1002 1391 'XXXVL

804 1554 953 1595 -φ-

295 1766 418 1829 Bockh.
442 1765 537 1830 Tom.
557 1758 601 1829 li.
626 1788 659 1849 p.
677 1770 752 1831 210.
794 1762 914 1830 Osann.
932 1763 1011 1849 Sylt.
1033 1792 1065 1852 p.
1083 1773 1137 1832 88.
1177 1765 1269 1833 Mus.
1290 1766 1366 1835 Cat.
1386 1778 1459 1837 200.

351 1914 440 2006 Hrc
474 1933 563 2029 lapis
599 1932 704 2004 hodie
739 1930 776 2004 in
812 1924 947 2005 Museo
989 1932 1202 2006 Britannico
1237 1944 1371 2024 exstat,
1411 1938 1469 2008 sed

276 2066 421 2139 mutilus
456 2066 648 2137 admodum
697 2076 805 2162 atque
848 2063 964 2138 tritus.
1029 2066 1137 2156 Quod
1180 2067 1249 2137 nisi
1284 2068 1335 2137 ita
1368 2080 1469 2154 esset,

274 2194 398 2265 nascio
427 2218 473 2264 an
505 2192 595 2265 alius
622 2190 742 2289 quivis
765 2187 855 2289 lapis
883 2192 998 2290 magis
1020 2194 1067 2265 ad
1094 2195 1305 2265 oeconomiae
1328 2195 1469 2266 Graecae

273 2322 518 2420 cognitionem
558 2321 757 2417 prodesset.
820 2318 951 2418 Agitur
985 2320 1082 2393 enim
1127 2323 1162 2393 in
1211 2324 1277 2395 hac
1322 2324 1470 2422 inscrip÷

272 2445 383 2537 tione,
412 2462 451 2522 ut
487 2450 641 2535 videtur,
673 2451 718 2520 de
752 2422 1101 2523 Hellenotamiarum
1137 2451 1468 2547 impensis‚·pecu-

275 2585 408 2682 uiaque
443 2580 490 2653 ab
529 2580 571 2651 iis
606 2588 766 2676 accepta.
829 2578 887 2651 Ex
925 2578 1003 2676 ipso
1048 2591 1169 2652 autem
1207 2582 1327 2678 iapida
1364 2584 1467 2655 hodie

273 2712 362 2786 nihii
395 2703 473 2783 erui
508 2719 636 2810 potest,
675 2734 742 2782 nec
777 2709 867 2782 alius
902 2709 1092 2805 quisquam
1127 2711 1288 2808 ejusdem
1323 2714 1466 2810 generis

274 2854 372 2915 extat
394 2842 498 2938 cujus
522 2865 593 2938 ope
623 2849 782 2910 nostrum
820 2839 1042 2935 expleamus.
1097 2841 1357 2916 Fourmontius
1386 2868 1467 2940 qua

273 2977 411 3073 reliqua
429 2985 513 3046 sunt
531 2974 567 3044 in
587 2971 705 3067 lapide
723 2972 877 3043 Athenis
894 2972 1102 3069 exscripsit,
1130 2976 1192 3044 sed
1209 2979 1465 3072 apographum,

273 3117 313 3178 ut
335 3103 487 3188 videtur,
514 3103 549 3174 in
573 3101 711 3172 duabus
733 3100 904 3171 chartulis
929 3114 1141 3174 exaraverat
1166 3105 1261 3174 unde
1286 3104 1466 3176 Bocknius

273 3233 354 3334 (lqui
380 3232 516 3327 primus
533 3227 661 3320 edidit)
679 3253 744 3328 pro
763 3227 912 3300 diversis
931 3226 1041 3301 tituiis
1059 3229 1194 3301 habuit.
1241 3231 1466 3304 Fourmontii

272 3387 419 3462 quoque
463 3361 709 3458 apographum
755 3359 894 3432 mendis
937 3383 1141 3456 respersum
1187 3359 1388 3433 Bockhiun
1432 3363 1466 3432 in

273 3495 483 3598 quibusdam
513 3489 649 3563 fefellit.

347 3627 439 3716 Quae
466 3627 501 3696 in
532 3627 601 3697 hoc
633 3646 809 3697 marmore
836 3627 882 3698 ad
912 3625 1222 3726 Palaeographiam
1249 3629 1352 3702 utilia
1377 3641 1469 3711 sunt,

275 3740 381 3834 nemo
408 3782 479 3829 uon
503 3756 647 3830 videbit.
679 3764 705 3841 ,’
