3250 5350
879 462 945 541 178
1259 448 1405 552 [Crass.
1423 458 1478 525 Hi.

306 652 415 727 muita
442 661 547 725 acute
575 664 610 724 et
638 652 785 725 solerter
813 649 1008 746 explicasse
1025 648 1170 736 fatetur,
1189 671 1265 723 rem
1283 652 1476 725 universum

305 788 400 859 haud
439 786 655 859 successisse
695 784 891 871 contendit,
939 792 963 825 ‘⁶
982 784 1029 857 ob
1063 783 1275 880 imperitiam
1308 785 1476 858 sermonis

304 918 438 1009 Graeci,
456 932 492 993 et
513 920 608 1016 quod
626 920 671 993 ad
691 940 874 991 mensuras
890 917 1011 1014 tempii
1029 940 1101 988 non
1124 939 1265 1013 semper
1290 916 1477 1015 respexit.'’

305 1048 442 1123 Veilem
461 1046 651 1136 Miillerus,
666 1049 749 1121 dum
769 1048 805 1119 in
825 1046 1014 1153 Britannis
1029 1056 1240 1132 versaretur,
1253 1047 1372 1145 ipsum
1389 1048 1478 1122 Wil-

305 1180 459 1255 kinsium
486 1180 656 1269 adiisset3
696 1183 793 1280 quod
822 1181 852 1252 si
881 1179 1034 1268 fecisset,
1064 1204 1108 1252 ea
1137 1204 1221 1277 quae
1247 1180 1391 1267 dixerit,
1422 1184 1480 1255 im-

305 1314 434 1389 merito
452 1336 532 1387 esse
548 1312 643 1387 dicta
666 1312 915 1398 concessisset,
941 1324 1052 1409 atque
1074 1312 1170 1385 idem
1188 1322 1362 1421 quantum
1382 1313 1422 1385 in
1443 1338 1482 1387 eo

304 1446 383 1520 viro
401 1446 484 1519 insit
507 1445 690 1532 doctrines,
716 1454 889 1544 quantum
916 1443 1117 1545 elegantiae,
1134 1452 1309 1540 quantum
1326 1445 1483 1543 denique

304 1577 464 1651 omnium
481 1579 655 1652 bonarum
673 1576 802 1649 artium
828 1576 935 1648 studii
958 1585 1069 1673 atque
1089 1572 1229 1656 amoris,
1250 1573 1358 1649 facile
1382 1576 1484 1652 intei-

302 1708 458 1783 lexisset.
508 1707 592 1782 Nec
626 1708 749 1780 dubito
783 1708 861 1779 iore
893 1718 932 1779 ut
964 1708 1043 1779 haec
1076 1705 1182 1779 nimis
1216 1708 1348 1781 acerbe
1379 1706 1483 1788 dicta,

303 1840 469 1913 idoneam
501 1836 802 1934 opportunitatem
837 1847 975 1925 nactus,
1008 1836 1085 1934 ipse
1114 1836 1294 1911 Miiiierus
1328 1840 1485 1939 corrigat

302 1967 391 2040 etin
411 1965 535 2041 meiius
555 1978 676 2039 vertat.
731 1967 838 2057 Quod
866 1981 986 2040 autem
1008 1964 1188 2041 Miiilerus
1212 1968 1300 2041 dicit
1326 1966 1484 2042 Wiikiu·

276 2164 277 2168 ,
304 2092 468 2179 sium'ad
495 2122 678 2189 mensuras
705 2099 828 2196 templi
862 2124 935 2173 non
966 2123 1109 2196 semper
1132 2098 1344 2197 respexisse,
1369 2100 1411 2175 in
1444 2123 1483 2174 eo
1584 2153 1585 2198 3

302 2231 392 2313 adeo
421 2241 528 2315 errat,
555 2241 596 2302 ut
624 2255 687 2303 ees
713 2231 805 2327 ipsos
827 2228 1069 2325 inscriptionis
1095 2232 1282 2305 verborum
1308 2229 1486 2326 interpre-

303 2362 457 2444 tationes
482 2386 571 2461 quas
600 2360 779 2435 Miiiierus
807 2360 975 2458 proterat,
1002 2382 1100 2458 saepe
1130 2362 1294 2460 rejecerit
1322 2358 1487 2435 dein·

302 2494 389 2585 sius,
412 2496 509 2595 quod
532 2518 612 2571 cum
646 2494 824 2569 mensuris
854 2493 977 2588 templi
1002 2493 1098 2575 haud
1123 2516 1325 2592 congruere
1347 2492 1487 2567 viderit.

304 2626 521 2713 Wiikinsius
548 2626 693 2724 quidem
711 2650 836 2698 omnes
853 2625 974 2722 templi
999 2636 1119 2722 partes
1142 2626 1221 2723 ipse
1250 2650 1398 2700 mensus
1423 2638 1485 2711 est,
1584 2615 1585 2660 i

303 2759 407 2855 cujus
431 2757 484 2830 rei
512 2756 633 2828 forsan
662 2754 841 2828 Mi'dlerus
858 2756 988 2828 obiitus
1007 2769 1073 2830 est.
1124 2755 1309 2830 Praeterea
1325 2757 1484 2843 Mulieri,
1584 2764 1585 2785 ¹

303 2888 402 2985 quod
432 2911 456 2958 a
489 2883 686 2959 Wilkiusio
727 2886 845 2970 didici,
890 2887 1204 2985 interpretationes
1237 2890 1370 2986 saepius
1403 2913 1482 2963 cum
1584 2912 1585 3003 ᾧ

303 3014 452 3098 Stuartii
480 3014 654 3090 mensuris
680 3017 775 3090 haud
803 3030 1020 3117 congruunt.
1076 3019 1263 3116 lapidum,
1288 3045 1321 3095 e.
1339 3047 1380 3121 g.
1399 3045 1486 3120 quos
1584 3072 1585 3099 r

302 3148 470 3228 Plinthos
499 3146 677 3246 appellntl
703 3172 787 3222 vera
812 3148 999 3249 longitudo
1023 3150 1133 3224 multo
1160 3153 1274 3251 major
1302 3167 1358 3230 est
1381 3178 1486 3252 quam
1584 3218 1585 3221 ,

302 3281 436 3356 referat
456 3280 653 3378 inscriptio.
706 3279 919 3354 Notandum
942 3291 996 3378 est
1017 3282 1054 3353 in
1071 3284 1139 3355 hoc
1156 3285 1234 3356 ioco
1254 3284 1488 3372 Visconfium,

303 3414 366 3512 qui
381 3413 517 3511 primus¹
535 3436 609 3510 quo
626 3424 730 3510 pecto
759 3412 898 3487 numeri
922 3416 968 3487 ad
993 3412 1083 3488 latus
1099 3415 1269 3513 adscripti
1287 3415 1489 3514 explicandi
1584 3441 1585 3444 ¹

303 3545 466 3626 venirent
495 3543 638 3642 publice
672 3542 892 3642 explicavit²,
928 3545 1113 3619 Wilkinsii
1157 3547 1489 3643 interpretationem

345 3843 537 3902 ¹Dehorum
557 3840 681 3917 lapidum
704 3841 872 3917 longitudine
923 3840 957 3896 de
986 3840 1154 3911 chunutus,
1177 3861 1211 3899 ea
1234 3858 1289 3916 qne
1314 3859 1427 3917 semper
1453 3852 1492 3900 ert

303 3947 378 4000 tacet
399 3937 512 3997 omnino
536 3937 683 3996 Miiilerus.
735 3935 779 3996 Cf.
800 3934 873 3992 inira
923 3940 1096 3997 humanitate
1135 3950 1164 3998 et
1194 3939 1340 4014 elegantia.
1389 3949 1411 3975 “
1428 3943 1494 4004 Non

304 4057 331 4112 p.
360 4038 426 4092 182.
454 4050 482 4088 n.
516 4029 601 4104 Apud
622 4028 774 4088 Stuartium
796 4027 872 4102 longi
922 4035 1034 4093 intendo
1066 4037 1196 4114 derogare
1222 4045 1306 4112 punto
1337 4036 1368 4094 ai
1394 4039 1494 4096 merito

304 4145 368 4188 sunt
394 4139 411 4191 5
433 4127 506 4204 ped„
525 4125 554 4182 in
577 4125 754 4201 inscriptione
778 4134 872 4182 autem
923 4128 994 4188 delle
1013 4129 1114 4220 insigni
1133 4129 1235 4189 fatiche
1262 4130 1307 4188 dei
1337 4132 1417 4190 dotto
1447 4133 1496 4190 idi·

302 4226 387 4296 nisos
409 4222 584 4307 responsio
607 4221 639 4300 (i.
653 4239 679 4282 e.
692 4225 789 4300 494).
814 4231 873 4280 estc
922 4235 991 4295 tore,
1014 4228 1127 4303 giacche
1147 4227 1173 4286 si
1193 4238 1316 4302 protecta
1333 4228 1388 4306 egli
1405 4239 1496 4288 stesso

305 4315 439 4378 dicuntur.
923 4323 950 4379 di
974 4341 1104 4398 proporre
1132 4333 1229 4401 questa
1257 4323 1384 4402 epigrafa
1414 4343 1497 4384 corne

344 4411 355 4441 ²
388 4415 513 4478 Viscont.
551 4418 625 4477 Mus.
670 4415 872 4474 Pio-Clement.
924 4428 1047 4494 soggetto
1094 4421 1121 4479 di
1167 4419 1272 4479 erudita
1318 4419 1500 4500 investigast-

305 4516 389 4580 Tom.
410 4513 463 4575 lv.
488 4537 514 4592 p.
530 4523 577 4588 89.
619 4517 653 4576 ln
675 4535 727 4596 quo
751 4513 811 4577 loco
834 4515 874 4574 ita
924 4515 1000 4579 oue.'’
