3250 5350
256 431 338 501 xxiv
691 449 1034 502 rnonscouans.

255 606 491 678 Grammatici
519 613 645 676 contra
671 629 747 677 rem
774 606 824 677 ita
849 627 929 677 esse
957 601 1193 687 confirmant3
1227 597 1449 677 Diomedes¹

258 735 401 830 quidem
431 735 510 805 haec
540 735 659 806 habet.
708 735 787 804 'Edu
821 730 940 817 ἤθελον
965 734 997 801 oi
1025 732 1163 803 παλαιοὶ
1193 732 1331 827 γράψαι
1357 733 1451 824 λέξιν

256 861 401 959 ἔχουσαν
434 864 497 947 τήν
528 863 712 961 iconismo
741 870 804 934 τοῦ
829 869 863 947 θ,
894 860 1051 960 ἔγραφον
1079 862 1154 933 ἀντὶ
1179 869 1240 932 τοῦ
1267 867 1302 947 θ,
1338 865 1382 934 τδ
1411 896 1447 950 τ,

257 997 307 1065 καὶ
338 994 404 1088 πρδ
430 999 492 1063 τοῦ
522 1025 557 1078 τ,
581 991 734 1064 indiam
759 994 802 1062 τδ
834 991 909 1085 παρ’
939 993 1048 1067 adroic
1075 998 1210 1076 σημεῖον
1235 999 1296 1076 τῆς
1320 987 1448 1068 δασείας

256 1120 483 1208 ἐνδεικνυμένης
499 1123 552 1192 ὅτι
567 1123 670 1192 τοῦτο
684 1122 727 1192 τδ
746 1127 785 1203 T,
811 1120 867 1192 oder
882 1117 959 1191 ἔστι
977 1126 1018 1203 Τ,
1044 1120 1135 1190 ἀλλὰ
1151 1128 1181 1192 θ
1196 1125 1240 1218 τῇ
1255 1119 1446 1215 ἕκφιιινῆσςι.

256 1253 331 1323 ἀντὶ
361 1247 396 1321 δὲ
423 1257 484 1334 τῆς
504 1251 712 1347 ἑκφωνησέως
736 1257 798 1322 τοῦ
819 1259 860 1346 φ,
887 1246 1042 1346 ἔγραφον
1067 1249 1110 1319 τδ
1129 1282 1168 1334 rr,
1194 1248 1447 1345 προστιθέντες,

256 1388 295 1463 οἷς
330 1391 537 1482 προείρηται,
574 1386 616 1456 τδ
650 1385 728 1481 παρ’
759 1385 871 1458 adroic
897 1391 1028 1469 σημεῖον
1053 1391 1114 1468 τῆς
1140 1380 1279 1457 δασείας·
1313 1385 1391 1457 α’ντῖ
1416 1379 1452 1454 δὲ

258 1521 319 1586 τοῦ
343 1546 378 1609 χ,
405 1514 448 1584 τδ
475 1547 504 1599 κ,
531 1513 771 1608 προστιθέντες
797 1514 841 1584 τδ
867 1517 1012 1585 sanator
1035 1513 1209 1603 σύμβολον
1234 1520 1295 1597 τῆς
1321 1512 1461 1587 δασείας,

258 1646 301 1716 τδ
326 1646 401 1740 παρ’
425 1643 500 1728 ἡμῖν
525 1677 578 1715 νυν
606 1650 637 1713 Η
652 1641 675 1713 ².
723 1642 859 1715 Eadem
886 1642 994 1714 tradit
1027 1641 1245 1716 scholiastes
1281 1641 1451 1738 Dionysii

259 1774 415 1847 Thracis
428 1774 454 1844 ³.
500 1775 549 1845 At
566 1774 594 1844 si
611 1772 875 1845 Grammaticos
890 1775 936 1844 do
953 1772 1232 1870 Palaeographia
1249 1755 1451 1859 audiamus,

258 1904 348 1977 nihil
366 1913 421 1974 est
444 1905 543 1996 quod
564 1925 688 2004 verum
711 1925 788 1972 esse
812 1925 1001 1998 negemus.
1053 1902 1124 1973 Vix
1146 1925 1305 1998 unquam
1323 1927 1451 1976 eorum

258 2027 462 2100 auctoritati
481 2027 661 2097 fidendum
688 2036 753 2111 est,
783 2027 851 2098 nisi
876 2029 1121 2123 quodcunque
1137 2027 1294 2100 dixerint
1311 2029 1452 2101 idoneis

258 2155 482 2254 argumentis
499 2143 726 2227 confirment.
780 2154 827 2226 In
849 2156 1107 2250 antiquissimis
1132 2181 1214 2252 quae
1238 2157 1383 2254 quidem
1403 2159 1451 2228 ad

260 2289 354 2358 hanc
374 2308 490 2381 usque
507 2271 648 2355 etatem
665 2285 897 2378 pervenerint
924 2287 1165 2356 monumentis
1191 2295 1315 2357 extant
1334 2285 1451 2358 literae

259 2437 384 2488 omncs
408 2412 578 2507 aspiratae
595 2418 624 2494 θ,
643 2420 683 2509 φ,
703 2444 741 2508 χ.
797 2412 913 2484 Recte
929 2435 1018 2508 ergo
1035 2410 1301 2484 Thierschius‘
1323 2419 1353 2508 φ
1369 2421 1408 2482 et
1424 2443 1451 2507 χ

256 2543 524 2637 antiquissimas
550 2553 653 2615 vocat
671 2543 799 2637 (quod
829 2543 874 2612 de
897 2546 919 2613 0
947 2562 1093 2636 quoque
1121 2539 1330 2631 dicendum)
1359 2561 1451 2632 prae·

259 2679 379 2749 sertim
398 2698 509 2768 quum
529 2676 565 2744 in
583 2674 740 2767 antiquis
758 2666 907 2768 quoque
927 2671 1042 2760 ltaliae
1057 2671 1244 2777 dialectis⁸
1267 2674 1448 2769 leguntur.

259 2810 392 2883 Forma
407 2815 450 2883 Ε
467 2829 533 2901 pro
548 2812 571 2879 θ
584 2807 622 2876 in
641 2804 741 2878 nullo
757 2817 897 2878 vetusto
920 2831 1107 2895 marmore,
1134 2818 1307 2903 quantum
1326 2808 1448 2893 sciam,

259 2936 403 3034 legitur.
474 2934 516 3005 ln
559 2934 714 3006 nummis
757 2935 901 3030 quidem
935 2936 1218 3009 Atheniensibus
1257 2936 1450 3033 aliquando

259 3063 392 3162 legitur
409 3062 493 3134 ΑΕ.
539 3061 611 3133 Sed
637 3063 714 3134 illos
741 3064 850 3162 longe
879 3066 1099 3138 recentiores
1121 3090 1202 3138 esse
1227 3068 1383 3139 nummis
1410 3067 1450 3138 in

259 3196 390 3294 quibus
412 3203 588 3291 perpetuo
611 3202 674 3266 ΑΘ
699 3194 879 3282 scribitur,
908 3195 1111 3268 luculenter
1127 3198 1283 3268 ostendit
1307 3196 1451 3269 Eckhe-

257 3326 358 3398 iius⁸.
410 3324 493 3395 Vidi
521 3349 666 3421 quoque
697 3350 852 3399 marmor
882 3350 1056 3399 recensa
1087 3327 1162 3399 viro
1191 3325 1450 3399 humanissimo

260 3456 301 3529 C.
318 3456 367 3528 R.
383 3454 572 3529 Cockerell
589 3456 722 3555 Coryci
737 3458 954 3553 exscriptum
973 3460 1070 3555 quod
1083 3460 1181 3530 hunc
1198 3457 1341 3531 titulum
1356 3458 1451 3531 ferat

729 3584 875 3655 ΕΗΚΗ
900 3584 961 3650 ΛΕ

773 3698 917 3767 ΥΚΙΟΥ

302 3916 484 3975 'Diomedes
518 3916 546 3972 in
580 3917 651 3975 Cod.
690 3915 765 3972 Bibl.
797 3914 830 3972 S.
921 3914 986 3970 ³111
996 3914 1094 3971 eodem
1103 3913 1248 3987 codapud
1257 3913 1375 3969 eundem
1385 3913 1451 3971 ibid.

193 4078 196 4087 Ὺ
263 4010 355 4067 Marc.
370 4012 471 4067 Venet.
495 4015 564 4076 489.
586 4010 660 4083 apud
681 4007 829 4066 Vilioison.
919 4010 930 4041 ⁴
951 4009 1018 4067 Act.
1034 4007 1137 4064 Philol.
1153 4006 1269 4063 Monac.
1284 4024 1325 4064 11.
1339 4026 1368 4080 p.
1382 4012 1452 4071 407.

263 4104 372 4163 Anerd.
385 4108 438 4163 Gr.
452 4102 536 4161 Tum.
551 4120 574 4161 1.
586 4122 613 4177 p.
630 4110 696 4163 121.
881 4098 950 4161 Not.

303 4184 381 4253 'CL
407 4212 515 4271 quoque
542 4193 647 4271 Scalig.
676 4193 830 4251 AnimadV.
920 4192 999 4251 ‘Cf.
1028 4195 1165 4253 hosium
1193 4196 1281 4271 δοες.
1309 4194 1343 4249 de
1370 4192 1452 4265 ling.

262 4294 290 4350 in
304 4292 410 4354 Chron.
423 4293 526 4351 Eusab.
540 4310 569 4366 p.
582 4298 648 4350 121.
662 4300 691 4348 et
704 4290 830 4347 Marium
882 4290 994 4351 Etmsc.
1008 4291 1093 4351 Tom.
1106 4310 1131 4351 1.
1141 4312 1170 4367 p.
1183 4291 1252 4350 216.
1265 4309 1308 4366 sq.

262 4388 441 4446 Victorinum
459 4389 501 4463 (p.
517 4392 606 4445 2455.
629 4390 671 4445 ed.
698 4388 830 4465 Putsch.)
920 4386 1070 4446 ⁶Fsthe1.
1094 4390 1179 4459 Doct.
1205 4390 1272 4449 Vet.
1297 4387 1384 4444 Num.
1411 4401 1452 4441 11.

262 4488 358 4544 eadem
371 4487 538 4545 tradentem.
881 4487 988 4555 p.214.
1047 4525 1053 4535 .
