3250 5350
276 487 344 560 xlvi
703 505 1041 560 rnonsoomsns.

352 660 437 732 Jam
466 657 583 728 forsan
610 658 681 730 alia
713 662 878 755 quaedam
912 661 957 731 de
989 659 1122 730 Graeco
1150 658 1332 732 scribendi
1365 684 1463 733 more

278 789 450 860 adnotare
476 813 499 859 a
523 813 562 860 re
589 788 684 859 haud
707 787 832 859 aberit.

353 919 604 1014 lieduplicatio
631 919 810 989 literarum
833 919 930 1013 apud
958 919 1126 1013 antiquos
1150 915 1313 1000 Graecos,
1345 925 1386 985 ut
1411 916 1464 986 vi·

278 1047 474 1134 detunsis
500 1045 634 1117 eratin
659 1069 736 1116 usu.
784 1044 828 1115 ln
853 1044 940 1116 Elea
962 1044 1021 1114 illu
1045 1043 1184 1114 Rbetra
1203 1043 1352 1130 ἀλάλοις,
1374 1043 1463 1139 ‘ppo'-

278 1205 381 1258 μενος,
407 1173 444 1244 in
462 1196 638 1246 marmore
661 1174 839 1246 larissaeo
860 1171 1048 1257 Ἱπομέδων,
1074 1172 1109 1242 in
1135 1171 1245 1268 Sigeo
1264 1180 1462 1270 Προκονεσίο

275 1303 448 1377 ridemus.
503 1303 560 1373 De
594 1327 665 1398 qus
691 1327 729 1375 re
760 1305 809 1374 ita
843 1299 1067 1400 Knightius.¹
1124 1303 1232 1371 “Ars
1266 1302 1462 1388 scribendi,

278 1437 362 1507 dum
386 1457 465 1506 rara
491 1435 609 1505 adbuc
638 1445 715 1506 erat
737 1445 775 1504 et
801 1458 824 1504 a
845 1434 967 1529 paucis
990 1442 1100 1527 atque
1123 1431 1164 1501 iis
1189 1431 1285 1503 haud
1313 1456 1334 1504 e
1359 1434 1463 1506 trivio

276 1562 515 1646 homunculis,
544 1563 733 1644 intellecta.
760 1586 832 1634 non
859 1585 925 1656 pro
952 1563 1050 1659 vulgi
1068 1572 1174 1657 captu
1202 1563 1462 1650 exercebatur3

277 1695 339 1766 sed
368 1715 492 1764 eorum
523 1694 584 1787 qui
611 1717 654 1764 ea
680 1693 830 1765 scientis
859 1693 998 1786 praediti
1026 1703 1129 1764 erant
1153 1704 1193 1763 ut
1223 1716 1306 1788 quae
1335 1717 1466 1766 manca

277 1831 314 1891 et
334 1829 460 1890 trunca
488 1828 608 1889 essent
635 1818 740 1891 facile
767 1819 925 1914 suppleri
947 1830 1105 1912 possent.
1159 1818 1231 1905 Qui
1258 1818 1466 1892 scribebant

277 1948 411 2043 itaque,
448 1947 617 2018 brevitati
663 1949 913 2043 indulgebant,
954 1959 991 2017 ct
1032 1947 1151 2017 literas
1193 1947 1352 2043 singulas
1398 1972 1464 2043 pro

276 2076 384 2162 binis,
411 2087 447 2146 et
463 2077 597 2169 duplici
621 2087 795 2171 potestate
817 2075 976 2170 praeditis
994 2085 1131 2145 tantum
1151 2075 1275 2146 nonin
1295 2075 1464 2147 omnibus

277 2205 557 2280 adhibuerunt.'’
603 2206 645 2276 ln
678 2204 736 2277 tali
768 2228 805 2276 re
838 2230 861 2274 a
890 2204 1066 2301 Kniglrtio
1096 2225 1281 2296 nunquam
1311 2205 1380 2276 nisi
1408 2206 1463 2275 in·

276 2333 370 2406 vitus
396 2334 563 2420 disced03
592 2335 653 2405 sed
679 2334 792 2406 literae
823 2334 983 2431 ejusdem
1012 2332 1190 2428 repetitio,
1217 2357 1291 2428 quo
1318 2335 1463 2430 syllabas

278 2461 413 2535 scilicet
431 2465 483 2535 vis
510 2489 573 2536 sua
589 2475 698 2559 atque
716 2464 827 2535 robur
850 2462 1039 2552 tribuatur,
1064 2472 1207 2532 aetatem
1226 2464 1463 2536 recentiorem

277 2603 314 2664 et
342 2594 456 2693 magis
486 2595 661 2666 excultam
696 2594 782 2664 milri
814 2593 976 2664 redolere
1005 2591 1167 2675 videtum
1209 2614 1276 2662 nec
1308 2593 1384 2664 veri
1409 2605 1465 2666 est

277 2718 391 2790 simile
417 2744 592 2809 marmora
619 2747 700 2794 cum
731 2723 775 2792 acl
799 2720 1054 2817 rempublicam
1086 2721 1294 2814 spectantia,
1322 2733 1397 2792 tum
1425 2726 1461 2794 in

277 2845 430 2940 publicis
467 2847 555 2921 locis
597 2850 725 2942 posita,
764 2861 803 2919 ut
831 2850 877 2921 ab
910 2848 1076 2920 omnibus
1116 2857 1374 2942 spectarentur,
1412 2854 1463 2923 ita

276 3000 355 3049 csse
377 2978 547 3071 inscripta
566 2989 604 3049 ut
629 3002 735 3049 nemo
753 2977 822 3049 nisi
849 2977 911 3073 qui
935 2977 1141 3049 conditioris
1158 2992 1256 3054 esset
1276 2981 1462 3068 doctrinas,

276 3106 333 3178 vel
361 3106 483 3205 legere
511 3109 566 3181 vel
598 3110 798 3207 intelligere
832 3122 964 3204 posset.
1016 3110 1101 3196 Secl,
1140 3124 1180 3182 ut
1211 3113 1261 3199 lit,
1299 3115 1463 3188 homines

277 3258 462 3331 nunquam
495 3238 635 3309 modum
655 3247 811 3323 servant,
834 3248 870 3307 et
891 3239 1024 3324 Graeci,
1052 3240 1115 3332 qui
1139 3239 1315 3335 imprimis
1341 3246 1464 3336 peuci-

277 3369 411 3454 oribus,
436 3378 560 3461 postca
587 3368 747 3462 pluribus
770 3390 876 3461 quam
901 3368 1100 3462 oportuerit
1124 3368 1233 3441 literis
1256 3371 1463 3443 utebantur.

277 3496 386 3570 Unde
403 3500 632 3587 Τελέσστας’,
656 3496 944 3595 Ἁρισστόδαμοςδ,
969 3496 1275 3597 'Aoorbnirioriopor
1284 3503 1310 3587 ⁴,
1335 3502 1464 3597 Ἀρισσ-

278 3628 481 3717 scyris-eost,
505 3629 762 3726 Ἀρισστοφᾶνης
775 3630 802 3715 ⁶,
830 3628 967 3700 s'oorw'
989 3629 1025 3699 ln
1050 3630 1284 3702 marmoribus
1302 3636 1463 3705 exlnni⁰.

279 3755 384 3844 Quocl
410 3769 529 3831 tamen
559 3760 680 3832 nescio
706 3784 752 3830 an
779 3760 816 3830 in
844 3759 914 3830 ulla
934 3759 1037 3830 litera
1063 3769 1196 3853 praeter
1221 3762 1249 3834 Σ
1273 3760 1347 3837 liat.

321 4021 472 4093 ¹Knigbt.
512 4020 620 4093 Proleg.
659 4021 693 4075 ad
728 4019 845 4076 Homer.
937 4015 1063 4074 'class
1080 4034 1116 4072 ιι.
1140 4016 1226 4074 lusor.
1243 4036 1318 4075 xix.

280 4129 430 4170 cuxxm.
935 4110 947 4142 ⁴
968 4107 1057 4166 Class.
1070 4127 1110 4168 11.
1132 4110 1220 4166 Num.
1236 4130 1294 4168 xx.
1310 4117 1336 4169 5.

316 4204 443 4262 ²Class.
456 4223 494 4261 11.
517 4204 603 4263 luscr.
618 4224 677 4263 vu.
936 4200 1053 4261 ’Inscn
1077 4206 1150 4278 apud
1179 4204 1298 4279 Walpol.
1332 4205 1360 4261 iu
1387 4206 1462 4279 Eph.

319 4294 331 4325 ⁸
352 4297 499 4381 Inscriptio
518 4300 584 4357 MS.
603 4302 676 4375 apud
691 4301 844 4359 Fourmon·
896 4299 987 4356 Closs.
1003 4316 1048 4355 rr.
1062 4318 1089 4372 p.
1099 4295 1168 4356 456.

279 4390 356 4448 tium.
933 4392 1010 4449 ⁸Cf.
1038 4394 1148 4451 Biickh.
1173 4393 1234 4451 lud.
1263 4395 1341 4453 lect.
1394 4393 1462 4451 Hib.

317 4488 331 4561 ξ
351 4482 457 4541 Marm.
474 4486 536 4560 Elg.
554 4486 617 4553 169.
900 4493 1107 4548 1821—1829.
1122 4508 1149 4562 p.
1165 4496 1192 4549 5.
