3250 5350
129 521 232 586 asca.
256 517 373 598 xuni
655 477 662 500 ⁸
698 523 744 582 ss

386 861 539 944 Caras.
568 860 632 941 ΙΙ.
688 859 841 940 Inscn.
869 857 1004 938 XIII.

336 1139 609 1260 TABULA
661 1135 1057 1212 PETILIANA.

518 1353 610 1414 TAB.
634 1355 688 1413 xl.
731 1355 802 1420 Fre.
825 1354 880 1411 111.

599 1582 782 1618 --*-—-

123 1779 301 1850 Banhetemi.
332 1780 469 1867 Epistol.
499 1782 539 1844 ad
566 1780 675 1846 Adler.
708 1793 738 1844 et
766 1749 863 1865 Borg.
903 1779 1065 1845 Villoisnn.
1094 1779 1228 1866 Epistol.
1255 1783 1293 1848 ad

157 1899 245 1987 Borg.
307 1899 408 1965 Gabr.
443 1895 536 1961 Febr.
562 1895 707 1962 Distribe
734 1922 766 1982 p.
787 1886 869 1961 238.
890 1897 1018 1962 Schow.
1045 1897 1154 1962 Chart.
1176 1898 1292 1986 Papyr.
1414 1895 1419 1902 ’

157 2015 240 2082 Rom.
272 2021 368 2094 1788.Ι
387 2039 421 2098 p.
450 2021 521 2078 11⁵.
584 2011 721 2078 Heeren.
746 2013 925 2077 Bibliothek
956 2015 1011 2078 der
1034 2011 1116 2078 alten
1140 2012 1294 2080 Literatur

155 2135 210 2195 uud
244 2121 360 2195 Kuust.
396 2128 487 2193 Pars.
519 2127 560 2191 V.
592 2151 625 2212 p.
659 2138 683 2191 1.
715 2127 872 2212 (Gotting.
908 2129 1015 2204 1789.)
1065 2127 1163 2193 Lanzi
1197 2129 1291 2216 Sagg.
1340 2105 1347 2116 ‘

154 2244 237 2312 Tem.
258 2247 287 2310 I.
315 2271 348 2332 p.
372 2254 442 2310 108.
484 2242 576 2309 Nich.
602 2241 718 2336 Ignari.
746 2245 831 2329 apud
857 2241 897 2309 C.
926 2243 965 2308 T.
991 2245 1094 2309 Murr.
1115 2247 1155 2309 de
1176 2245 1290 2330 Papyr·

157 2361 328 2446 (Argentor.
350 2361 456 2434 1804.)
472 2383 504 2444 p.
521 2365 640 2431 37-49.
668 2357 866 2424 Siebenkees.
894 2357 1060 2444 Expositio
1073 2361 1185 2424 tabulae
1204 2358 1293 2424 Hos·

156 2474 234 2557 pitai.
256 2475 288 2538 in
311 2473 400 2538 Mus.
421 2451 568 2557 Bongian.
587 2471 711 2536 Velitris
733 2487 902 2536 asservatae.
923 2471 1018 2536 Rom.
1039 2481 1132 2544 1789.

177 2688 341 2775 Laurus
375 2712 428 2773 est
462 2708 541 2773 “ex
587 2726 659 2773 aere
701 2701 738 2771 in
785 2700 934 2775 Bruttiis
973 2722 1084 2795 prope
1125 2698 1289 2771 Petiliam
1320 2724 1325 2731 ’

117 2824 330 2929 (Policastrn)
353 2844 498 2930 reperta
519 2856 576 2905 an.
601 2856 851 2906 unccnxxxnr
870 2856 952 2928 quae
975 2831 1070 2903 inter
1088 2828 1291 2930 insigniora

115 2966 320 3065 antiquitatis
352 2946 755 3043 monumenta'Velitris
783 2969 818 3041 in
854 2968 987 3070 Museo
1017 2968 1204 3068 Borgiano
1233 2992 1289 3041 as-

114 3090 293 3179 servatae*
346 3105 568 3201 Interpretes
598 3106 634 3175 in
669 3106 789 3177 omnia
816 3106 949 3177 abiere.
995 3106 1109 3195 Quod
1139 3075 1288 3201 scopum

113 3234 225 3311 tabulae
252 3240 393 3327 attinet,
422 3238 639 3311 Villoisonus
666 3238 703 3309 in
729 3262 772 3311 ea
797 3239 964 3312 emtionis
991 3248 1028 3310 et
1057 3238 1286 3341 renuitionis,

114 3362 155 3434 rel
179 3368 383 3443 donationis
405 3368 696 3456 instrumentum,
717 3378 756 3441 ut
777 3370 975 3467 loquuntur
999 3369 1101 3443 Juris
1122 3370 1286 3456 consulti,

113 3492 268 3592 iuvenit¹,
302 3502 450 3587 “nisus,
481 3512 522 3574 nt
550 3502 700 3587 videtur,
729 3504 912 3601 praecipue
936 3504 1056 3577 verbis
1085 3501 1186 3577 διδοτι
1223 3537 1287 3577 ταν

113 3632 229 3707 “rimor
249 3636 305 3707 rai
323 3644 439 3706 ταλλα
455 3666 579 3722 παντα,
603 3645 640 3706 et
660 3634 856 3734 Demiurgi
871 3636 895 3707 1.
914 3660 946 3711 e.
965 3636 1089 3734 populi
1109 3636 1286 3718 RectoriS,

112 3760 167 3834 “et
183 3766 435 3841 Proxenorum
452 3767 729 3865 subscriptione,
749 3769 809 3866 qui
830 3770 886 3843 vel
904 3770 1024 3843 talium
1043 3794 1162 3843 rerum
1178 3778 1287 3842 testes

110 3896 292 3988 “aderant,
322 3900 377 3974 rel
414 3924 459 3975 eo
487 3900 606 3974 officio
639 3902 898 4003 fungebantur,
938 3904 1035 4000 quod
1066 3902 1172 3974 hodie
1198 3900 1285 3973 iilud
1404 3970 1409 3989 ,

110 4022 317 4101 “hominum
340 4052 470 4127 genus,
501 4028 787 4129 negotiatoribus
817 4032 914 4143 italis
942 4032 1112 4105 Sensnli
1139 4032 1284 4116 dictum,
1395 4068 1399 4078 ,

109 4156 125 4187 “
136 4172 272 4234 exercet
283 4160 307 4233 ².
352 4160 501 4259 Reliqui
527 4174 645 4235 antem
675 4187 812 4247 omnes,
848 4166 979 4260 quide
1005 4163 1136 4236 lamina
1161 4172 1285 4234 nostra

108 4290 238 4363 “verba
255 4292 459 4365 fecerunt''
488 4295 636 4390 (praeter
654 4294 767 4367 virum
787 4294 1042 4368 facetissimum
1062 4292 1284 4368 Nieholaum
1393 4328 1402 4344 ·

107 4415 255 4517 lgnarra,
287 4451 395 4525 quem
423 4453 506 4503 mox
531 4430 735 4525 audiemus)
763 4429 898 4503 “Abb.
924 4431 1166 4530 Barthelemy,
1190 4430 1281 4503 Rev.

35 4624 37 4699 1
167 4655 175 4684 ¹
197 4658 375 4719 Siebenkees.
391 4660 465 4737 Exp.
481 4680 509 4738 p.
525 4668 553 4721 5.
706 4662 717 4694 ²
739 4662 785 4723 Cf.
798 4662 871 4723 Poll.
886 4665 991 4721 Onom.
1004 4663 1072 4721 VH.
1087 4682 1115 4737 p.
1129 4658 1200 4727 692·
