3250 5350
618 497 922 547 PROLEGOUN
934 497 968 545 A.

300 651 366 724 'At
385 649 600 750 Ἡρακλείδην
616 653 753 748 κατέχει
772 652 866 727 κόνις·
892 649 1053 747 ὄμβριμον
1071 647 1169 726 Atlas

303 785 430 876 εἴρυσαν
445 781 570 865 duilius
585 780 694 852 ἕλικος
708 779 747 870 ἐξ
761 779 902 872 ἀγέλας.

276 922 352 996 Ubi
376 923 568 995 manifesto
593 924 788 1022 legendum
812 926 927 1008 ἠϊθέων
946 925 1063 1007 ἥλικος.
1117 922 1253 995 Eodem
1277 926 1395 1014 modo,

198 1053 365 1148 quamvis
383 1053 573 1125 Chishullii
593 1077 683 1148 opus
701 1054 850 1140 viderat,
869 1051 1107 1148 Bosphoriam
1127 1048 1394 1147 inscriptionem

200 1180 273 1250 hoc
301 1181 406 1250 modo
430 1179 551 1252 edidit

305 1308 429 1405 Oiiprov
453 1311 491 1380 ἑκ
518 1311 664 1407 πρύμνης
690 1312 741 1384 ris
765 1311 784 1380 ὁ
810 1305 984 1404 δεγκγκῆρα
1010 1319 1135 1380 καλετο

305 1448 391 1524 Ζῆνα
416 1473 638 1536 καταπρωτον
662 1473 813 1514 ωνκστιον
837 1440 1024 1517 ἐκπετάσας
1049 1450 1087 1511 el
1110 1449 1247 1534 postea,
1268 1438 1291 1510 l.
1312 1451 1347 1510 ll.

306 1575 440 1644 Νείσθω
460 1569 546 1661 τῷδε
571 1573 689 1662 βολῶν
716 1574 850 1664 ψαιστᾶ
876 1571 968 1666 παρὰ
992 1577 1042 1662 τῷ
1069 1569 1182 1667 ξοάνῳ·

268 1717 404 1790 Postea
433 1717 657 1790 Muratorius
687 1719 919 1791 'l'hesaurum
954 1717 1103 1791 Novum
1135 1715 1306 1786 Veterum
1342 1715 1397 1784 in-

200 1845 441 1939 scriptionum
462 1845 679 1937 (Mediolani
697 1871 731 1917 s.
746 1871 783 1918 n.
811 1853 936 1940 1739.)
963 1846 1156 1942 evulgavit,
1183 1845 1287 1942 cujus
1304 1843 1398 1937 Sup-

200 1974 427 2070 plementum
457 1973 569 2045 edidit
591 1975 759 2046 Donatus
790 1976 903 2048 Lucre
931 1971 1148 2060 s.o.1765.

283 2101 377 2174 Hac
396 2103 516 2172 omnia
549 2126 629 2198 quae
656 2105 846 2178 memoravi
875 2129 999 2199 opera,
1024 2105 1150 2177 eodem
1169 2105 1274 2176 modo
1289 2114 1399 2200 atque

200 2229 330 2302 eadem
357 2228 498 2299 ratione
533 2229 735 2325 conscripta
765 2241 860 2303 sunt.
914 2232 1086 2329 Undique
1121 2233 1257 2305 scilicet
1289 2244 1325 2304 et
1352 2232 1399 2304 ab

203 2362 304 2434 omni
323 2373 425 2458 parte
454 2364 717 2434 contrahuntur
739 2363 989 2460 inscriptiones
1007 2368 1165 2437 omnium
1185 2377 1400 2462 temporum,

199 2477 290 2561 cum
326 2489 469 2561 Graecae
503 2501 578 2560 tum
616 2491 770 2578 latinae,
803 2515 873 2563 nec
904 2476 1036 2563 desunt
1059 2495 1222 2587 quaedam
1256 2519 1401 2589 quoque

203 2619 385 2691 Etruscas.
428 2618 682 2714 Disponuntnr
707 2642 751 2691 eo
774 2620 900 2693 ordine
924 2631 976 2709 ut,
1014 2621 1269 2720 Chronologiae
1303 2624 1401 2697 nulla

202 2753 349 2823 ratione
375 2753 546 2837 adhibita,
573 2754 686 2849 prima
723 2754 858 2826 Classis
884 2780 1008 2827 omnes
1038 2756 1292 2852 inscriptiones
1321 2783 1402 2854 quae

204 2886 252 2955 ad
307 2884 407 2955 Deos
458 2886 663 2979 pertineant
709 2888 1000 2981 comprehendat,
1041 2890 1198 2960 secunda
1237 2916 1319 2986 quae
1357 2892 1401 2962 ad

196 2986 464 3109 Magistratus,
490 3025 598 3111 atque
622 3016 670 3086 ita
692 3016 876 3110 deinceps.
926 3016 1087 3088 Maxima
1116 3042 1197 3112 pars
1226 3019 1404 3116 inscripti·

204 3164 321 3212 onum
339 3140 376 3211 in
397 3139 453 3211 his
471 3143 638 3214 omnibus
657 3144 834 3215 thesauris
854 3144 985 3215 Latina
1003 3157 1069 3229 est,
1090 3156 1127 3217 et
1145 3146 1308 3218 Reinesii
1324 3150 1404 3244 qui-

180 3328 184 3337 .
206 3273 292 3342 dem
313 3260 591 3367 Syntagma'vix
609 3271 738 3369 viginti
759 3272 910 3343 Graecas
929 3271 1049 3343 habet.
1092 3272 1240 3343 Gruteri
1259 3273 1402 3368 quidem

205 3382 401 3497 diligentia
427 3411 536 3496 atque
562 3401 725 3471 doctrina
750 3400 847 3471 omni
882 3400 988 3471 laude
1018 3400 1138 3495 dignae
1166 3411 1260 3485 sunt,
1296 3402 1407 3473 multa

201 3518 333 3598 'minen
370 3528 499 3597 menda
532 3526 656 3599 insunt
690 3528 725 3598 in
765 3527 973 3598 Graecarum
1015 3527 1288 3622 inscriptionum
1321 3557 1406 3627 apo·

207 3654 359 3751 graphis
396 3679 480 3752 quae
511 3655 569 3725 ille
603 3654 796 3751 evulgavit.
854 3654 960 3743 Quod
996 3656 1088 3725 idem
1128 3657 1172 3725 de
1205 3657 1281 3728 aliis
1316 3682 1406 3754 quos

208 3782 408 3856 memoravi
431 3782 598 3854 omnibus
625 3782 902 3867 dicendumst,
927 3792 963 3853 et
988 3783 1174 3878 praecipue
1204 3786 1249 3855 de
1280 3784 1407 3857 Mura-

209 3901 307 3985 torio
331 3913 408 4008 qui,
438 3924 478 3983 ut
503 3910 656 3996 videtur,
685 3912 813 3982 menda
830 3910 888 3981 vel
910 3908 1076 4011 pessima,
1109 3934 1175 3982 nec
1194 3912 1406 3999 emendavit,

208 4062 282 4112 nec
299 4038 451 4111 omnino
468 4036 610 4111 sensit¹.
639 4037 832 4109 Muratorii
849 4038 950 4132 operi
963 4038 1231 4131 praemittuntur
1247 4039 1407 4134 epistolae

252 4216 262 4245 ¹
279 4218 327 4277 cf.
342 4218 491 4275 Maffeium
502 4220 579 4278 lllus.
589 4220 695 4277 Veron.
707 4219 789 4275 Praef.
839 4218 984 4293 irrepsisse
996 4218 1118 4276 dicentes
1129 4237 1213 4293 quam
1227 4219 1300 4293 quod
1312 4219 1410 4277 Mura-

208 4334 238 4388 p.
252 4332 286 4371 x.
307 4322 336 4369 et
350 4311 462 4369 Corsin.
476 4314 506 4370 in
521 4313 589 4371 Not.
606 4314 661 4371 Gr.
677 4311 788 4385 Proleg.
839 4316 925 4371 torius
943 4315 1095 4389 majoribus
1119 4315 1199 4370 rebus
1220 4325 1407 4388 occuparetur.

207 4415 234 4481 ς.
251 4411 282 4463 5.
295 4424 323 4478 p.
339 4410 390 4463 42.
404 4406 439 4479 (F
441 4403 493 4461 lor.
510 4412 598 4475 1749.
611 4405 675 4480 lol.)
690 4406 788 4463 eadem
842 4407 925 4476 Quod
938 4427 1036 4465 verum
1050 4425 1110 4465 esse
1123 4416 1222 4481 potest.
1244 4409 1290 4467 cf.
1303 4426 1408 4484 quoque

207 4518 244 4555 ac
264 4516 317 4573 ego
339 4499 374 4554 de
399 4498 557 4557 Muratorio
580 4506 736 4573 querentes,
761 4508 792 4554 at
841 4500 934 4575 ipsum
950 4503 1058 4560 Murat.
1072 4520 1119 4575 pp.
1131 4506 1180 4560 51.
1194 4498 1243 4558 66.
1262 4507 1328 4556 134.

208 4594 317 4651 menda
344 4612 400 4651 non
424 4593 511 4651 aliam
539 4602 652 4668 propter
675 4612 789 4651 ravum
