3250 5350
835 462 906 521 222
962 475 965 481 ·
1235 455 1386 538 [Crass.
1411 457 1475 524 ΠΙ.

276 643 992 717 estanar.........1raottort
1019 645 1474 718 Torronxx...oo.

276 789 364 852 apr..
381 803 390 859 ;
430 770 468 841 in
500 768 631 845 Cata.
668 780 897 853 eratarxr.
949 770 1007 843 Er
1043 770 1097 844 his
1128 772 1296 845 omnibus
1324 775 1475 861 collatis,

276 913 376 999 patet
407 922 527 976 renam
560 902 754 976 lectionem
784 903 854 977 ioci
887 926 979 991 esse,
1008 904 1127 1004 φιάλαι
1157 938 1281 1003 xpm
1316 914 1372 979 111
1410 910 1476 1000 (rei

274 1034 389 1133 τρεισ)
416 1034 569 1115 σταθμὸν
593 1034 725 1106 τούτων
750 1042 1104 1131 ΧΧΕΔΔΔΔΡΡΡΡ.
1149 1035 1316 1110 Eundem
1342 1062 1475 1112 morem

275 1164 410 1261 ubique
453 1161 603 1237 servavi.
675 1161 718 1234 ln
765 1136 882 1236 tribus
921 1162 1101 1259 prioribus
1142 1164 1329 1265 Cataiogis
1369 1170 1477 1263 partia

274 1296 413 1395 primae,
443 1306 490 1384 77
520 1294 644 1371 literas
671 1296 708 1368 in
741 1296 893 1395 singuiis
916 1294 1031 1383 lineis,
1058 1295 1097 1368 in
1115 1308 1247 1394 quarto
1261 1310 1387 1373 autem
1406 1324 1477 1373 non

275 1432 345 1504 nisi
371 1445 416 1519 71
432 1460 444 1519 3
471 1430 509 1503 in
527 1434 687 1505 secunda
710 1442 817 1529 parte
834 1431 970 1529 ubique
987 1442 1036 1519 72
1053 1431 1166 1506 fnisse
1182 1433 1303 1505 credo.
1358 1434 1478 1507 Boet-

275 1560 357 1635 hius
379 1571 425 1649 73
449 1560 562 1633 fnisse
583 1573 696 1658 putat.
732 1561 819 1637 ,Cui
846 1585 918 1633 non
942 1560 1131 1635 assentior.
1177 1558 1222 1632 ln
1245 1560 1346 1635 linea
1363 1574 1477 1651 sexto,

275 1692 431 1789 exempli
465 1692 596 1791 gratia,
625 1693 685 1763 ubi
712 1691 836 1765 omnia
862 1692 900 1764 in
927 1702 1053 1787 aperto
1075 1700 1170 1778 sont,
1192 1688 1262 1777 alia
1284 1690 1391 1763 litera
1412 1690 1475 1763 ,in-

268 1826 337 1926 jici
368 1824 506 1921 nequit.
560 1820 700 1895 Nescio
736 1822 881 1919 quidem
914 1846 961 1894 an
990 1844 1062 1919 ego
1095 1831 1194 1894 recte
1227 1822 1379 1908 fecerim
1413 1822 1476 1918 qui

252 1954 387 2029 *serbo
408 1951 671 2050 ἀπορραντὴρων
696 1950 875 2048 duplicem
897 1984 919 2049 ρ
941 1954 998 2047 (nt
1022 1950 1254 2050 septuaginta
1275 1974 1359 2023 com
1387 1953 1476 2026 dno·

274 2087 342 2161 hus
384 2082 495 2158 literis
536 2080 729 2176 efficerem)
768 2084 969 2157 tribuerim.
1021 2081 1124 2155 Infra
1160 2094 1282 2155 autem
1316 2081 1476 2181 Ιεςίωιισ

274 2216 314 2310 ἐξ
324 2212 634 2315 ἧςᾰπορραίνονται.
673 2212 766 2305 Quae
785 2223 989 2311 sequuntur
1004 2222 1103 2285 notae
1118 2212 1164 2285 ad
1178 2211 1373 2285 modam
1392 2236 1476 2307 par·

273 2356 347 2424 tem
374 2357 500 2444 utpote
526 2345 644 2421 minus
671 2344 832 2419 mutilam
857 2343 1051 2440 pertinent.

353 2477 397 2550 L.
417 2490 452 2549 2.
497 2482 576 2555 Τοῖς
596 2483 731 2560 Tantae
757 2468 949 2569 Πυθοδώρῳ.
1012 2470 1103 2561 Quis
1134 2494 1180 2543 ex
1205 2471 1332 2543 decem
1361 2470 1474 2562 Quae·

276 2607 435 2682 storibus
467 2632 543 2704 prae
572 2604 715 2682 caeteris
745 2602 1006 2689 nominaretur,
1032 2601 1130 2677 haud
1158 2600 1325 2698 expedio.
1380 2600 1471 2674 Cum

275 2753 395 2816 autem
418 2763 464 2814 ex
481 2735 741 2832 inscriptione¹
760 2759 869 2833 snpra
885 2734 1013 2831 posita,
1029 2735 1194 2808 ordinem
1214 2733 1468 2832 Prytaniarum

274 2871 468 2969 quotannis
499 2868 628 2942 mutari
659 2879 811 2952 constet,
842 2868 915 2942 iile·
934 2867 1056 2942 forsan
1086 2890 1231 2966 semper
1262 2869 1470 2944 nominatur

274 3001 378 3100 cujus
405 2999 520 3073 tribus
545 3021 588 3070 eo
605 3021 703 3072 anno
724 2997 839 3095 prima
864 2997 993 3074 ordine
1010 3009 1116 3070 esset.
1160 2997 1217 3075 ux
1236 2999 1297 3072 iila
1323 3021 1469 3097 quoque

273 3128 508 3228 inscriptione
525 3151 569 3201 ea
594 3151 676 3224 quae
698 3127 894 3225 Osannus²
918 3127 978 3202 hic
1005 3151 1139 3226 magno
1153 3152 1264 3229 opere
1285 3130 1333 3204 de
1364 3130 1468 3221 Qua.»

274 3274 409 3338 storum
437 3262 564 3336 ordine
591 3261 785 3358 scripserit,
813 3261 920 3335 nauci
946 3285 1026 3334 esse
1053 3261 1140 3335 satis
1164 3273 1264 3358 patet
1289 3264 1465 3354 Quaestor.

351 3395 393 3468 L.
423 3407 456 3466 o.
499 3393 742 3490 Ἑκατομπὲδφ.
786 3395 888 3469 Huic
910 3393 991 3468 roci
1011 3419 1112 3470 suam
1129 3395 1389 3492 aspirationem
1407 3397 1464 3474 tn·-

273 3523 347 3614 bui,
366 3550 448 3600 oum
459 3525 516 3624 ita
534 3526 748 3624 plerumque
771 3528 906 3603 factum
924 3525 962 3600 in
985 3525 1042 3599 his
1060 3527 1297 3602 marmoribus
1315 3528 1463 3615 videam,
1607 3547 1608 3552 ’

273 3654 385 3755 idque
406 3657 498 3730 ratio
521 3658 704 3734 literarum
727 3657 894 3755 patiatur.
944 3657 1116 3731 Attamen
1136 3659 1231 3732 infra
1250 3659 1290 3753 (1.
1307 3661 1389 3753 20.)
1407 3669 1467 3735 ant

272 3789 462 3886 sculptoris
478 3801 542 3864 aut
560 3790 754 3866 Chandieri
774 3813 896 3866 errore
914 3790 1015 3863 deest
1032 3791 1190 3886 spiritus.

348 3923 391 4000 L.
418 3921 455 3996 6.
509 3923 613 4020 Κόρη.
664 3923 896 4020 Proserpina,
923 3922 954 3995 si
988 3921 1196 3998 Chandlero
1224 3925 1340 3998 credis
1351 3954 1364 4012 ;
1400 3925 1467 3998 sed
1607 3969 1608 4048 ζ

274 4059 459 4136 Bdekhius
485 4083 631 4156 popam,
659 4059 715 4134 vel
740 4059 893 4156 figuram
922 4060 1022 4143 Νίκης
1048 4078 1129 4131 esse
1155 4067 1270 4155 putat.

313 4273 325 4331 ¹⁴
344 4300 390 4358 Cl.
415 4320 470 4360 111.
519 4301 592 4362 Sect.
611 4321 633 4360 1.
676 4304 762 4360 laser.
783 4319 845 4360 vir.
898 4300 1001 4375 protuli
1013 4300 1190 4371 senentiam,
1210 4301 1360 4358 confirmat
1372 4298 1477 4356 Corsi-
1607 4303 1608 4352 ἶ

273 4393 307 4452 In
333 4391 381 4452 illo
404 4395 466 4455 loco
498 4399 602 4456 calami
629 4397 708 4474 lapsu
744 4400 845 4454 “mdo
896 4415 948 4452 nus
959 4395 988 4451 in
1003 4395 1114 4471 egregia
1122 4393 1309 4469 disputatione
1321 4391 1475 4453 F.A.T.I.
1606 4423 1608 4480 ς

273 4489 416 4548 tribuum''
442 4491 510 4564 dixi,
537 4493 592 4574 'ubi
629 4491 710 4552 dabui
742 4495 844 4552 “ordo
897 4491 1042 4550 Disslv.

274 4587 498 4664 luendarum?
537 4590 632 4658 Quam
656 4592 684 4652 in
711 4589 791 4650 iilol
793 4611 843 4646 rrrrr
934 4591 998 4648 ¹1³.
1013 4586 1064 4662 64,
1084 4587 1135 4646 65.
