3250 5350
849 506 917 566 ms
1243 499 1396 588 [crass.
1419 503 1482 569 ur.
1582 486 1587 495 '

289 675 519 762 fecerimus
552 698 635 772 quae
670 673 865 752 V.V.D.D.
899 677 945 748 de
977 699 1023 748 eo
1058 674 1287 769 disputanmt
1301 680 1325 766 ¹,
1352 664 1485 776 adjicio

287 811 378 882 hrec.
423 809 635 883 Homericis
650 803 876 906 'temporibus
893 809 1023 905 peplus
1037 803 1112 881 turn
1126 819 1382 908 tegumentum
1401 822 1486 899 erat,

287 951 363 1012 tum
386 941 651 1029 indumentum,
678 943 775 1039 quod
791 933 926 1014 tunice
944 929 1228 1040 superinjectam
1248 967 1315 1038 per
1337 966 1484 1016 ornnem

286 1069 407 1144 lateris
435 1073 697 1170 longitudinem
716 1073 838 1146 libulis
859 1071 1153 1170 adstringebatur
1163 1070 1189 1158 ²,
1216 1072 1300 1143 satis
1320 1073 1483 1168 amplum

286 1209 323 1272 et
349 1200 564 1296 plerumque
600 1224 667 1273 acu
700 1201 919 1273 distinctum.
974 1201 1057 1290 Quo
1086 1223 1169 1272 cum
1197 1199 1369 1273 Minerva
1397 1227 1482 1297 pre·

286 1337 390 1432 cipue
427 1338 616 1435 gauderet,
652 1339 758 1436 hujus
800 1339 906 1409 etiam
946 1339 1052 1434 signa
1083 1337 1235 1409 formam
1276 1338 1479 1411 vestimenti
1592 1382 1593 1385 =

286 1467 483 1540 certissime
518 1467 831 1540 demonstrabunt.
868 1468 958 1539 'Sed
986 1445 1194 1538 adhibenda
1223 1476 1362 1537 tantum
1401 1492 1479 1564 quae

284 1611 362 1672 arte
399 1600 574 1672 Phidiaca
611 1601 732 1695 priora
761 1609 858 1685 sunt,
895 1599 1013 1693 prisca
1050 1597 1169 1669 Pallas
1206 1576 1300 1668 villae
1335 1596 1478 1683 Albani,

286 1729 477 1802 Dresdana
495 1737 606 1814 vetus,
634 1727 860 1824 AEginetica,
884 1737 921 1798 et
939 1751 1021 1823 quae
1047 1708 1132 1797 huic
1147 1725 1340 1820 persimilis
1364 1726 1480 1799 fertur

284 1856 577 1934 Herculanensis.
633 1857 736 1930 Adde
771 1881 856 1929 vasa
890 1857 1105 1952 antiquiora,
1133 1855 1247 1950 nigris
1273 1878 1318 1926 ea
1351 1856 1475 1954 liguris

283 1988 379 2081 picta
395 2017 405 2072 ;
439 1999 476 2058 et
516 1992 720 2059 toreumata
761 1987 886 2084 figlina
897 1986 921 2057 ³.
974 1986 1040 2058 Eae
1076 1983 1267 2082 imagines,
1304 1998 1478 2080 quantum

283 2118 459 2200 novimus,
481 2127 615 2190 'omnes
654 2119 799 2216 longam
837 2141 946 2213 supra
977 2115 1136 2188 tunicam
1170 2125 1305 2187 vestem
1343 2117 1480 2188 habent

282 2249 380 2321 nullo
413 2250 562 2348 cingulo
594 2249 809 2347 redimitam,
847 2250 949 2321 tenui
981 2271 1104 2343 panno
1139 2247 1351 2333 confectam,
1397 2273 1481 2342 per-

281 2381 619 2476 amplam,·curiose
643 2380 821 2477 plicatam.
875 2378 1035 2474 insignis
1066 2377 1216 2449 maxime
1244 2375 1366 2447 clarus
1395 2377 1480 2473 qui-

281 2515 363 2586 dam
386 2515 461 2588 sive
484 2514 571 2587 lives
594 2515 723 2586 ceteris
752 2511 948 2608 aliquando
975 2507 1079 2580 latior
1110 2509 1157 2580 de
1184 2507 1479 2602 medio'corpore

281 2648 487 2731 decurrens,
514 2643 575 2738 qui
599 2644 707 2715 etiam
734 2643 832 2737 apud
854 2639 1008 2735 populos
1028 2638 1123 2710 Asioe
1142 2638 1298 2710 maxime
1321 2639 1475 2712 decorus

279 2776 502 2847 habebatur:
533 2777 602 2847 hoc
620 2796 705 2845 usus
728 2782 784 2843 est
801 2772 961 2867 sculptor
978 2770 1134 2843 Palladis
1158 2771 1375 2857 Dresdanoe,
1403 2794 1473 2866 quo

278 2903 476 3000 figurarum
491 2902 597 2999 peplo
614 2900 885 2973 Panathenaico
899 2902 1173 2972 intertextarum
1192 2912 1333 2995 partem
1351 2900 1470 2973 saltem

278 3035 465 3107 commode
500 3032 727 3107 exhiberet⁴.
800 3031 874 3103 Sed
909 3032 1063 3104 observa
1097 3031 1243 3125 peplum
1280 3055 1364 3104 eum
1401 3054 1472 3103 non

277 3165 471 3238 amiculum
495 3166 570 3237 sive
587 3164 731 3261 pallium
750 3166 861 3237 fuisse
881 3162 947 3235 'sed
964 3163 1228 3249 indumentum,
1255 3162 1314 3234 cui
1332 3184 1474 3257 semper

276 3295 362 3394 aegis
397 3307 433 3366 et
465 3295 643 3366 interdum
681 3294 789 3366 etiam
822 3292 955 3390 pallula
989 3292 1151 3388 quadam
1188 3286 1388 3385 (διπλοΐδων
1420 3286 1474 3361 vel

277 3420 539 3520 intitulatum)
563 3425 801 3521 superinjecta
830 3436 892 3497 est.
936 3422 1029 3496 Cum
1064 3448 1149 3497 vero
1183 3414 1353 3496 Pericleo
1385 3433 1472 3501 tem·

316 3654 384 3714 ¹V.
414 3653 542 3730 inprimis
568 3655 691 3713 Boeckh.
715 3654 844 3729 tragicor.
896 3651 989 3731 Musei
1004 3650 1055 3708 Pio
1069 3650 1182 3709 CLIV.
1197 3653 1236 3707 tb.
1251 3647 1296 3707 16.
1341 3651 1473 3707 Viscont.

275 3747 379 3822 princc.
394 3766 422 3823 p.
441 3754 508 3816 192.
896 3767 923 3820 p.
940 3753 970 3804 8.·

314 3841 404 3899 ¹Od.
419 3842 456 3899 Σ.
471 3850 539 3911 291.
578 3822 844 3898 crustumio.
933 3835 1077 3893 ⁴Belrlrer
1105 3837 1224 3909 August.
1252 3834 1276 3904 1,
1301 3834 1357 3891 IV.
1401 3835 1468 3891 Non

273 3941 347 4000 Pall.
365 3947 414 4008 70.
437 3947 465 3995 et
489 3936 583 3995 Schol.
611 3939 646 3994 ad
671 3937 705 3995 ll.
717 3938 751 3994 E.
774 3940 844 4001 734.
896 3931 978 4005 plane
990 3932 1126 3990 consentit
1140 3929 1292 4005 Boettig'er.
1323 3928 1474 3988 Archaeol.

274 4036 362 4094 Erant
376 4034 450 4111 pepli
468 4033 534 4108 picti
554 4033 625 4092 inter
643 4051 750 4090 merces
765 4032 846 4109 Phre-
895 4028 1064 4085 adumbrata
1078 4047 1106 4101 p.
1122 4032 1171 4088 53.
1207 4025 1262 4082 Sed
1275 4024 1371 4082 hercle
1384 4044 1476 4101 qaam

273 4130 376 4191 nisum.
419 4128 452 4188 ll.
468 4132 499 4189 Z.
512 4134 580 4198 289.
896 4122 1007 4179 dissona
1027 4120 1289 4179 interseCreuzer.
1314 4118 1476 4195 Symb.ll.

313 4226 378 4281 ³ln
391 4228 500 4286 collect.
516 4226 586 4282 Lud.
606 4225 711 4282 Seroux
724 4224 842 4297 d'Agin-
896 4238 923 4292 p.
953 4226 1020 4287 809.
1049 4238 1091 4295 sq.
1150 4217 1212 4274 Nos
1247 4232 1313 4271 cum
1351 4216 1479 4291 antiquis

274 4326 352 4377 court
369 4320 407 4393 pl.
423 4324 492 4382 Xll.
506 4330 536 4392 9.
557 4322 602 4380 ubi
625 4320 760 4377 hieroduli
781 4318 844 4375 duae
895 4316 1074 4391 scriptoribus
1109 4314 1238 4373 omnibus
1273 4312 1480 4385 distinguimus

273 4413 410 4473 Laconica
424 4420 532 4477 vestitae
553 4417 662 4476 Palladi
682 4436 762 4474 sacra
780 4434 844 4491 per·
894 4415 964 4472 inter
993 4413 1155 4471 Minervam
1184 4409 1327 4466 Poliadem
1355 4410 1383 4465 in
1412 4410 1480 4467 aede
1595 4427 1596 4430 ’

272 4521 368 4586 agunt.
411 4509 456 4569 Ci.
476 4514 560 4571 etiarn
583 4514 744 4571 Minervam
770 4510 843 4569 Poli·
896 4509 1018 4569 Poliadis
1039 4520 1067 4569 et
1089 4510 1281 4589 l'la'pdsvov
1302 4506 1331 4563 in
1356 4507 1482 4565 Parthe-

272 4608 353 4665 adam
381 4624 444 4663 cum
474 4610 651 4681 serpentem
678 4606 843 4667 candelabro
895 4622 978 4663 nono.
1047 4625 1059 4632 ·<
