3250 5350
166 402 293 467 lusca.
318 399 428 478 vlit]
729 407 799 484 159

166 601 267 674 porc.
284 577 507 652 vestamenta
533 577 653 652 Attica
679 603 849 679 magnam
875 579 1107 653 mutationem
1137 577 1355 656 subiissent:

166 709 316 781 Phidias
339 734 363 781 a
389 708 535 784 Pallade
553 711 717 808 viragine
739 711 837 808 pepli
860 712 1014 806 priscam
1033 709 1362 807 speeiemalienam

165 835 330 914 indicans
361 843 450 915 nihil
476 843 520 916 -ei
558 865 665 939 supra
699 842 857 915 tunicam
888 843 1007 916 induit
1031 851 1164 939 praeter
1192 843 1365 938 pabulen-

164 973 262 1046 illam
289 985 353 1048 aut
380 977 525 1072 pallium
558 976 755 1048 masculum
787 977 965 1069 (ἱμάτιον).
1010 976 1233 1049 Alterutrum
1260 977 1359 1050 enirn

163 1106 204 1177 in
249 1108 419 1181 omnibus
463 1111 682 1205 conspicitur
725 1111 876 1198 statuis„
896 1133 981 1206 quoe
1022 1135 1046 1183 a
1087 1109 1262 1184 Phidiaco
1302 1111 1360 1184 vel

165 1223 369 1331 posteriore
403 1249 565 1336 tempore
595 1239 770 1335 proiecta
811 1239 992 1326 videntur,
1035 1241 1105 1312 boc
1138 1239 1285 1336 quidem
1319 1241 1358 1312 in

164 1364 307 1440 colosso
343 1366 541 1454 Velitrano‚
572 1377 689 1441 statua
720 1353 1025 1451 iustinianorum,
1052 1377 1090 1440 et
1119 1367 1231 1440 alters
1264 1368 1360 1442 cele·

165 1496 286 1569 briore
310 1497 400 1569 vihae
427 1499 582 1585 Albani;
611 1501 674 1572 sed
699 1499 784 1572 illud
809 1499 848 1571 in
874 1497 1025 1596 egregio
1056 1496 1175 1595 siguo,
1198 1498 1360 1592 quadiu

164 1627 365 1701 Germania
380 1640 436 1702 ter
451 1643 593 1704 exstare
607 1633 808 1729 gaudemus
820 1629 845 1700 ¹.
890 1627 1141 1703 Nihilominus
1160 1627 1359 1702 Palladium

164 1757 327 1864 ligneum
360 1757 465 1854 peplo
495 1757 738 1832 Athenienses
769 1779 956 1854 nunquam
987 1757 1140 1854 spoliare
1169 1767 1356 1854 poteraut:

165 1889 230 1960 sed
261 1885 530 1962 Panathenaico
554 1901 628 1962 tum
653 1889 789 1986 majore
813 1899 889 1960 tum
916 1889 1057 1962 minore
1080 1889 1207 1984 quavis
1229 1911 1361 1986 pompa

165 2014 330 2092 omatum
350 2022 428 2093 deae
446 2043 569 2094 earum
593 2021 855 2097 instaurabant.
909 2020 1143 2095 Afferebatur
1167 2023 1196 2094 is
1213 2023 1361 2118 quien

166 2148 234 2222 veli
264 2150 310 2220 ad
342 2151 454 2223 instar
479 2173 683 2246 expansus:
713 2173 835 2246 neque
861 2161 983 2222 tamen
1004 2150 1042 2220 id
1066 2148 1246 2245 prohibet,
1264 2173 1360 2245 que
1399 2239 1404 2246 ι

162 2277 292 2359 minus,
336 2275 525 2374 postquam
572 2251 813 2370 matronarum
859 2275 1027 2349 manibus
1065 2275 1217 2348 traditus
1249 2287 1356 2364 esset,

163 2413 356 2488 fibularum
375 2439 444 2512 ope
470 2416 576 2513 signo
597 2425 738 2488 vetusto
762 2414 995 2488 indueretur:
1023 2432 1242 2506 quamquam
1264 2413 1358 2484 inter

161 2541 326 2648 virgines
353 2549 492 2621 Atticas
521 2571 565 2620 eo
595 2558 757 2642 tempore
785 2544 879 2642 pepli
909 2567 994 2617 usus
1016 2544 1096 2642 jam
1129 2542 1265 2617 dudum
1292 2542 1357 2616 oh·

159 2669 401 2753 solevemt“.''

237 2822 263 2853 “
276 2804 427 2887 Prseter¹
441 2813 588 2910 peplum
607 2812 800 2910 quotannis
817 2811 898 2883 dere
913 2809 1075 2883 oblatum
1093 2806 1224 2905 reliqui
1239 2807 1356 2881 cultus

158 2955 198 3019 et
226 2928 414 3017 reficiendi
449 2955 487 3015 et
515 2942 682 3017 servandi
717 2964 805 3014 cura
834 2937 1082 3013 sacerdotibus
1111 2936 1239 3033 templi
1273 2960 1356 3031 per·

159 3080 270 3152 missa
286 3064 363 3150 'est
416 3074 499 3165 Quo
527 3074 679 3146 maxime
703 3071 863 3167 pertinet
889 3069 1058 3151 solemnis
1082 3068 1165 3141 lotio
1194 3065 1356 3142 vestium.

160 3208 291 3282 Medio
333 3198 444 3278 'enim
474 3198 864 3299 vere,'1'hargelionis
908 3199 943 3269 d.
976 3194 1124 3269 xxvi.
1164 3193 1357 3289 Plpmen‘a

157 3338 443 3437 peragebantur,
469 3333 627 3433 Aglauro
653 3332 772 3430 (cujus
792 3328 965 3425 templum
988 3328 1034 3399 ad
1060 3324 1240 3422 propylaea
1263 3322 1355 3396 arcis

202 3554 212 3585 ¹
235 3556 354 3613 Dresdm
375 3552 419 3609 his
434 3554 569 3625 (August.
585 3550 608 3617 l,
624 3549 676 3605 lX.
692 3564 733 3620 aq.
783 3562 801 3598 a
819 3541 903 3615 pallio
919 3543 1046 3618 (ipoeeip)
1060 3539 1187 3595 maxime
1207 3556 1239 3595 eo
1255 3536 1356 3607 differt,

157 3656 196 3715 ci.
212 3656 346 3723 textum)
365 3650 453 3707 semel
467 3645 600 3703 Casselae.
622 3642 733 3700 Vhllrel.
783 3636 856 3710 quod
877 3636 930 3690 hoc
953 3630 1177 3716 περιβάλλεται,
1197 3631 1246 3689 ille
1265 3630 1356 3689 fibulis

158 3754 195 3810 de
204 3750 393 3807 marmoribus
405 3740 733 3815 Casselauis(Welcker's
782 3729 884 3787 additis
902 3728 1010 3802 corpori
1033 3727 1223 3783 circumdatur
1241 3726 1356 3800 (Ἐμπε-

161 3844 325 3905 Zeitachriit
351 3842 376 3899 1.
406 3852 431 3898 1.
453 3860 480 3914 p.
512 3833 588 3913 156.)
633 3832 733 3892 ‚trusos
782 3830 935 3907 porarpir.)
975 3823 1085 3893 Quibus
1110 3823 1246 3890 excussis,
1271 3820 1357 3922 ussu-

160 3940 211 3995 dea
227 3937 365 4013 Antiques
377 3952 428 4009 par
441 3929 570 3989 Bouillon
581 3929 642 3985 livr.
656 3944 733 3983 vru.
784 3932 911 3979 mentum
927 3938 988 3977 esse
1006 3918 1107 3977 desinit
1119 3927 1148 3974 et
1162 3917 1258 3975 existit
1270 3922 1355 3969 vesus

201 4036 302 4091 ’Non
316 4033 420 4088 mirum
433 4028 526 4104 igitur,
545 4022 734 4099 grammaticis
784 4016 920 4094 stragula.
974 4016 1050 4072 Bene
1084 4015 1180 4070 Lutat.
1214 4010 1249 4065 sd
1282 4007 1355 4066 Stat.

162 4130 278 4207 peplum
299 4146 358 4185 rem
381 4126 577 4201 perobscurum
591 4120 685 4187 tuisse,
706 4124 735 4172 et
784 4113 877 4169 Theb.
900 4112 938 4166 X.
956 4106 1025 4167 56.:
1061 4102 1180 4208 Pepllum
1199 4107 1247 4205 ‘est
1270 4100 1356 4207 emtis

159 4244 236 4283 nnnc
249 4241 318 4281 esse.
349 4218 521 4278 BeneServ.
538 4213 733 4276 AEn.1.480;
784 4206 912 4277 candida,
943 4202 1034 4259 aureis
1061 4199 1149 4255 clava
1178 4201 1264 4267 picta,
1297 4213 1356 4253 arne

160 4328 180 4355 ‘⁴
193 4318 275 4376 lodie
291 4315 370 4372 ausiti
388 4314 537 4371 abutuntur
556 4329 586 4367 eo
602 4304 735 4364 amane?
785 4301 913 4369 manicis,
953 4296 1027 4371 quod
1065 4288 1220 4351 simulacris
1261 4289 1354 4348 fiebat.

159 4412 264 4471 Haeret
292 4408 405 4467 Pollux.
429 4405 500 4465 Vll.
522 4409 572 4473 49,
592 4410 641 4462 50.
661 4406 735 4455 errat
786 4400 832 4455 De
845 4394 952 4470 tripiici
964 4389 1094 4449 'Palladis
1103 4386 1209 4448 vestitu
1227 4386 1354 4461 Fulgeut

161 4507 297 4567 Eustath.
321 4505 355 4564 ll.
372 4501 614 4565 xvl11.v.291.
657 4496 733 4553 Nem
786 4491 865 4549 Plae.
879 4490 917 4547 ll.
931 4507 958 4544 e.
973 4493 1003 4545 2.
