3250 5350
308 457 384 546 376
768 483 1014 534 irrnunrx.

310 643 360 730 τῷ
385 643 493 734 τοὶχφ
514 643 724 734 γράμμασι
750 639 960 725 Ἀττικοῖς,
986 638 1091 734 ἔργα
1116 645 1226 710 eiras
1256 641 1458 734 Πραξιτέ-

311 747 406 810 λονι
422 742 562 808 iuAttic.
578 767 611 828 p.
628 746 700 810 6.1.
717 754 751 817 9.
768 745 875 810 afiue.
918 744 1016 829 Atqui
1035 743 1207 809 Praxiteles
1226 743 1361 830 Olymp.
1384 768 1461 812 cir.

311 840 534 926 quinquaginta
556 843 620 906 fere
637 855 710 926 post
723 841 866 906 Euclidis
884 841 1103 925 Megistratum
1122 863 1220 906 snnos
1242 842 1357 908 flonsit.

387 936 537 1023 Denique
562 939 594 1001 iu
613 938 741 1003 vetustis
759 936 934 1003 Atticorum
951 938 1206 1024 inscriptionibus
1222 940 1364 1004 omnibus
1394 947 1459 1008 ob·

313 1059 433 1100 servnre
459 1034 542 1115 licet,
569 1036 669 1100 literns
697 1035 887 1100 diversorum
918 1059 1061 1100 versuum
1092 1037 1134 1102 its
1170 1058 1239 1100 esse
1271 1035 1458 1122 dispositus,

312 1149 347 1198 ut
373 1133 398 1197 si
431 1137 472 1197 sb
501 1133 566 1198 irno
598 1136 639 1198 nd
669 1157 826 1198 summum
857 1149 994 1218 spectes,
1020 1135 1116 1198 instnr
1144 1136 1360 1199 columnarum
1396 1159 1460 1202 uns

311 1253 405 1315 suprn
428 1229 555 1295 niteram
572 1231 682 1316 posite
708 1244 892 1315 appareant.
946 1231 1055 1316 Itaque
1079 1254 1153 1296 cuns
1170 1257 1203 1295 v.
1220 1233 1255 1296 6.
1283 1245 1409 1316 septem
1426 1255 1459 1299 et

312 1327 418 1412 viginti
437 1326 532 1392 literas
549 1343 674 1393 servate
700 1327 771 1408 sint,
796 1351 927 1414 quarum
946 1329 1052 1392 ultima
1069 1343 1117 1392 est
1140 1335 1177 1402 L,
1205 1351 1314 1392 omnes
1342 1330 1456 1406 litere,

311 1447 381 1511 qure
405 1425 659 1512 insequentibus
676 1425 764 1490 lineis
780 1426 859 1490 infra
874 1428 936 1490 hoc
958 1433 982 1490 L
1001 1425 1109 1510 posite
1127 1437 1211 1506 sunt,
1233 1427 1368 1491 eundem
1386 1428 1458 1492 iite-

311 1545 412 1588 rnrum
429 1545 603 1604 nnmerum,
628 1531 762 1609 queml.
779 1524 858 1588 sexti
872 1546 987 1602 versus,
1003 1537 1074 1588 ente
1085 1546 1119 1587 se
1136 1524 1284 1602 hsbesru,
1297 1540 1331 1588 et
1345 1529 1456 1590 iocum

312 1620 496 1685 vicesimum
517 1621 685 1707 septimum
705 1637 863 1706 occupent
882 1644 1011 1686 necesse
1030 1635 1089 1685 est.
1142 1621 1221 1686 Non
1239 1623 1403 1686 temeres-ie
1425 1623 1457 1687 id

313 1720 432 1782 fectum
448 1741 517 1782 esse
541 1743 560 1783 ιι
581 1719 734 1784 Visconto
753 1722 949 1784 observatum
974 1717 1113 1798 memini,
1138 1721 1192 1782 sed
1211 1731 1244 1782 ut
1268 1718 1454 1784 inviolabilis

310 1828 478 1878 servaretur
494 1829 764 1880 monumentorum
777 1817 868 1896 fides,
893 1816 1011 1904 quippe
1029 1839 1101 1880 cunr
1120 1813 1314 1900 inscriptioni
1331 1818 1391 1882 hnc
1409 1841 1455 1882 rs-

313 1909 396 1974 tione
407 1910 566 1996 disposite
582 1912 668 1977 nuile
684 1912 772 1977 iiters
786 1937 889 2000 neque
908 1913 979 1978 eddi
993 1935 1094 1998 neque
1106 1913 1201 1977 eximi
1216 1927 1331 1996 posset.
1373 1915 1411 1978 N
1410 1937 1455 1979 οιι

313 2011 381 2072 iere
401 2021 505 2073 sutem
527 2010 598 2073 hinc
616 2009 841 2075 adminicutum
858 2011 966 2084 oritur,
989 2010 1015 2074 si
1039 2009 1109 2096 quis
1130 2013 1261 2074 lucunas
1284 2009 1315 2074 in
1341 2012 1456 2076 mediis

314 2104 452 2170 versibus
480 2107 629 2192 supplere
654 2109 839 2192 aggreditur.
892 2109 977 2172 Num
997 2131 1090 2172 voces
1116 2130 1210 2193 supro
1235 2107 1346 2192 posite
1373 2124 1458 2174 certo

314 2201 429 2269 indicio
452 2207 580 2286 docent,
606 2219 684 2291 quot
700 2206 802 2270 literas
830 2207 862 2271 in
879 2204 995 2271 incunte
1014 2205 1086 2270 loco
1110 2207 1246 2271 fracture
1272 2205 1386 2288 lepidis
1402 2211 1458 2270 ab·

314 2319 467 2367 sumserit.

389 2399 511 2464 Omnes
529 2421 672 2464 versuum
689 2403 768 2466 fines
784 2424 856 2467 cunr
867 2399 939 2484 ipso
954 2400 1052 2484 cippo
1070 2399 1260 2480 interierunt,
1278 2414 1346 2465 tum
1360 2405 1460 2488 major

315 2520 387 2581 pars
404 2496 516 2583 quarti,
541 2510 602 2561 tres
619 2521 693 2562 vero
709 2499 827 2584 priores
844 2502 908 2562 fere
925 2497 993 2576 toti,
1021 2509 1054 2559 ut
1068 2499 1107 2560 de
1122 2497 1257 2582 genuina
1275 2499 1374 2563 totius
1387 2523 1461 2563 cnr-

315 2595 406 2659 minis
422 2599 523 2660 forms
537 2595 726 2661 restituenda
742 2600 909 2682 desperare
931 2598 1112 2660 debeamus.
1165 2595 1267 2679 Igitur
1284 2595 1463 2680 probabilis

313 2716 493 2780 sequemur.

388 2791 527 2857 Vernl.
568 2800 735 2858 AeANA1

315 2890 422 2976 Hujus
454 2889 575 2972 generis
608 2890 788 2975 Epitaphia,
811 2890 926 2976 quibus
959 2887 1084 2953 nomina
1115 2889 1336 2953 defunctorum
1367 2912 1463 2974 supra

313 2986 428 3069 scriptu
454 3000 551 3061 erunt,
583 2991 768 3072 plerumque
795 2988 828 3051 in
857 2988 928 3072 ipso
958 2986 1046 3052 initio
1073 2986 1209 3071 aliquem
1235 3010 1343 3051 eorum
1368 3009 1462 3050 com·

309 3083 566 3149 memorationem
582 3108 655 3150 cum
670 3085 912 3150 demonstrativo
927 3074 995 3149 οἵδε
1012 3083 1185 3149 continent.
1228 3084 1274 3148 Ειι
1284 3108 1322 3148 eo
1337 3104 1457 3165 genere

313 3182 432 3248 suntin
447 3184 619 3269 Antholog.
638 3182 774 3269 pristinu
791 3185 878 3249 Sect
897 3202 962 3246 vir.
979 3206 1012 3247 ιι.
1029 3190 1106 3248 252.
1120 3182 1285 3268 Antipatri.

386 3290 457 3365 Oid‘
471 3288 573 3367 'Aidnu
590 3292 824 3389 στέρξαντες
808 3296 968 3375 cuduntur,
995 3290 1067 3387 οὐχ
1064 3290 1168 3413 ἅπερ
1184 3289 1296 3375 ολλοι,

438 3397 586 3479 Σταλον,
611 3390 722 3462 ἀλλΗ
702 3390 826 3487 αρετᾶν
841 3390 909 3463 ἀντ
927 3390 1047 3486 ἇρετᾶι
1063 3383 1200 3485 ολαχον.

313 3511 482 3575 Simonidis
500 3511 542 3576 ib.
560 3536 593 3576 n.
610 3519 686 3575 258.

388 3623 441 3691 Or
448 3616 491 3691 de
513 3654 583 3719 παρ
583 3614 839 3788 Εὖριιμέδδοντοῖ
857 3652 928 3691 ποτ
927 3619 1086 3712 ἀγλαὸν
1102 3616 1234 3691 ὤλεσαν
1250 3617 1337 3708 ἥβην

437 3724 650 3817 Μορναμενοι
670 3712 751 3789 Μ
711 3751 730 3802 η
750 3750 794 3789 οιν
809 3718 1007 3814 τοξοφόρων
1022 3722 1217 3814 προμάχοις·

313 3841 366 3906 cf.
384 3842 459 3907 ibid.
476 3840 618 3922 AErchyii
645 3864 676 3904 ιι.
694 3846 770 3904 255.
807 3838 950 3903 Platonis
971 3863 1002 3901 n.
1019 3841 1096 3905 256.
1137 3836 1304 3901 Simonidis
1332 3861 1365 3903 n.
1379 3847 1459 3907 270.

311 3939 386 4005 Jnm
406 3938 505 4025 prims
528 3962 589 4004 vus
606 3960 679 4003 curn
701 3960 810 4001 cusum
837 3936 971 4022 aliquem
998 3935 1084 4000 vocis
1111 3928 1277 4003 ἀθάνατοι
1304 3935 1460 4016 effecerit,

312 4062 472 4125 quumque
498 4062 537 4101 er
563 4039 675 4101 eodem
700 4034 856 4122 conjicere
883 4036 985 4109 liceat,
1012 4033 1221 4099 immortniem
1239 4035 1462 4100 defunctorum

311 4137 441 4223 gloriam
475 4136 525 4201 hic
557 4137 654 4200 fuisse
688 4148 977 4214 commemoratum,
1009 4154 1073 4197 ιιοιι
1108 4130 1264 4196 immerito
1295 4132 1459 4221 conjicias,

311 4260 432 4303 versum
448 4235 543 4301 fuisse
559 4238 599 4300 nd
616 4256 756 4299 normam
774 4232 946 4298 Simonidci
961 4231 991 4295 in
1007 4230 1137 4295 Anthol.
1155 4229 1258 4295 Palat.
1278 4231 1371 4297 Sect.
1391 4254 1457 4297 vri.

309 4343 427 4401 ιι..201

377 4441 605 4532 Ἀσβιιστον
630 4441 740 4515 κλέος
760 4434 842 4510 οἵδε
868 4444 973 4540 φίλη
991 4468 1079 4534 περι
1071 4428 1267 4530 πατριδι
1295 4439 1439 4513 ddum

433 4540 577 4613 Kodrsov
594 4543 738 4611 θανάτου
759 4517 1000 4635 ἁμφιβιίλοντο
1022 4538 1131 4631 νέφος.
