3250 5350
729 483 778 554 59

477 822 628 903 Crass.
656 819 721 901 ΙΙ.
775 820 928 902 lusca.
956 819 1034 901 1v.

306 1059 310 1067 ⁴
408 1056 617 1130 ιιιιιιι
658 1053 1011 1164 peruersa
1054 1053 1102 1126 11.

580 1263 670 1321 TAB.
696 1262 764 1318 Vll.
808 1262 880 1320 Fru.
903 1262 925 1319 Ι.

678 1453 812 1499 -φ-

228 1620 392 1706 Exrm
410 1630 490 1700 haec
503 1629 614 1700 rerba
630 1627 669 1698 in
688 1637 848 1699 extrema
865 1625 951 1698 ora¹
974 1627 1090 1724 galeae
1108 1627 1285 1721 trophaeo,
1309 1635 1349 1697 ut

35 1792 36 1800 ι
107 1798 113 1808 -
163 1762 306 1835 videtur.
323 1763 517 1860 aliquando
530 1763 657 1879 affixae,
671 1765 876 1861 quaeariro
891 1763 1126 1838 celeberrimo
1139 1763 1186 1836 Τ.
1203 1763 1351 1838 Morritt
1417 1793 1421 1801 ·

162 1889 334 1987 Olympiae
348 1901 492 1987 reperta
505 1915 602 1963 nunc
619 1893 717 1987 apud
731 1891 945 1988 Knigtrtium
959 1903 1171 1964 asservatur.
1216 1893 1350 1965 Literae

126 2023 239 2105 ,satis
271 2025 427 2122 integrae
461 2036 620 2110 manent,
657 2026 753 2123 typis
785 2027 980 2121 impressae,
1016 2051 1072 2101 me
1095 2027 1234 2126 judice,
1274 2052 1348 2101 ιιοιι

162 2151 310 2247 sculptae.
382 2151 587 2225 Discrimen
625 2153 722 2224 inter
758 2153 951 2226 circulares
994 2167 1031 2227 et
1070 2155 1350 2228 semicirculum

160 2276 285 2352 formas
327 2281 419 2353 male
461 2293 637 2367 servatur,
682 2304 812 2378 nempe
847 2285 957 2378 quod,
1001 2295 1041 2355 ut
1077 2285 1163 2355 mihi
1197 2285 1348 2372 videtur,

160 2407 294 2482 duobus
329 2421 467 2484 tantum
508 2412 615 2509 typis,
657 2414 833 2509 quadrato
862 2412 998 2485 scilicet
1028 2424 1139 2506 atque
1173 2413 1348 2500 circulari,

158 2544 282 2616 artifex
299 2555 475 2632 uteretur,
501 2549 600 2619 unde
616 2545 751 2618 factum
771 2555 827 2618 est
845 2556 886 2618 ut
903 2547 932 2616 si
956 2547 1072 2617 forma
1089 2545 1347 2618 semicirculari

158 2698 242 2767 opus
272 2688 381 2762 esset,
418 2678 507 2749 nihii
542 2679 821 2773 haberet·qu0d
854 2678 989 2749 faceret
1022 2676 1090 2749 nisi
1127 2687 1167 2749 ut
1200 2676 1347 2748 alteram

158 2817 290 2899 partem
315 2806 390 2904 typi
412 2807 596 2879 circularis
619 2806 772 2889 fortiter,
790 2808 943 2879 alteram
968 2804 1092 2878 leviter
1115 2804 1348 2899 imprimeret.

157 2938 376 3037 Ubicunque
410 2966 499 3040 ergo
530 2942 682 3015 formam
719 2942 1018 3015 semicircularem
1053 2950 1235 3036 expectes,
1277 2938 1347 3010 cir·
1411 3030 1414 3039 ,

42 3098 49 3113 ·
159 3072 271 3143 culum
290 3074 439 3166 reperis,
462 3073 565 3169 cujus
582 3070 730 3143 dimidia
755 3096 837 3167 pars
860 3071 1048 3144 manifesta
1069 3080 1181 3165 atque
1198 3068 1348 3164 liquida,

158 3198 297 3273 dimidia
333 3202 455 3272 mutila
487 3212 598 3296 atque
631 3200 794 3271 evanida.
860 3198 990 3271 Tertia
1026 3196 1128 3268 litera
1162 3217 1250 3291 ergo
1284 3176 1347 3265 aut
1458 3268 1463 3274 ,

159 3324 258 3401 Delta
278 3330 358 3422 (Φ)
382 3342 445 3401 aut
467 3328 537 3401 Phi
563 3330 625 3419 (Φ)
649 3340 712 3400 aut
734 3328 895 3421 denique
923 3326 1005 3397 Rho
1030 3328 1090 3417 (Φ)
1115 3346 1193 3395 esse
1216 3330 1345 3415 potest.

158 3454 263 3575 Quasi,
276 3459 307 3530 si
325 3458 410 3532 Rho
427 3483 505 3531 esse
523 3468 670 3543 statuas,
689 3458 740 3530 ita
758 3458 878 3528 forsan
899 3456 977 3525 haec
993 3454 1148 3550 legenda
1167 3450 1327 3523 veniunt.

300 3642 337 3712 'l'
364 3649 504 3737 Αργειοι
529 3645 642 3712 ανεθεν
667 3671 721 3709 τοι
748 3645 826 3710 Aah
852 3670 911 3708 τον
939 3640 1133 3733 Κορινθοθεν

700 3790 721 3840 Ι.
740 3790 772 3837 θ.

301 3908 363 3971 Τοι
385 3908 526 3996 Αργειοι
549 3904 662 3971 ανεθεν
687 3900 875 3993 (ανεθεσαν)
903 3932 952 3991 τῳ
976 3910 1031 3971 uu
1059 3898 1158 3985 (απο)

493 4063 560 4101 των
586 4036 786 4125 Κορινθοθεν
809 4032 1001 4127 (λαφνρων)

190 4229 356 4306 ¹Vulgaris
390 4229 451 4285 haec
486 4229 557 4287 ratio
591 4228 725 4285 scribendi
774 4228 892 4285 Ἠλεῖοι.
919 4227 1027 4295 ταύτην
1042 4227 1089 4283 oris
1109 4224 1170 4305 ἔχει
1185 4222 1344 4294 testeris·

155 4324 224 4395 apud
249 4325 378 4381 Graecos.
419 4321 501 4377 Paua.
524 4322 561 4375 V.
585 4328 633 4379 20.
658 4326 675 4377 ὁ
696 4320 726 4379 ts*
774 4321 973 4401 γεγραμμένην,
993 4321 1068 4377 dard
1084 4322 1111 4377 ἐι
1127 4317 1342 4395 κύκλονσχῆμι

156 4417 428 4494 τοῦΊφίτονδίσκοι
438 4412 725 4497 ἤνέκεχεφιᾶ,ἤνέπὶ
775 4419 907 4494 περίεισιν
932 4416 977 4473 ἐπὶ
1008 4416 1050 4492 τῷ
1077 4414 1159 4491 δίσκῳ
1191 4412 1231 4469 τά
1253 4406 1342 4487 γράμ-

156 4518 213 4567 soie
245 4510 410 4582 Ὀλυμπίοις
441 4508 664 4581 ἐπαγγέλλουσιν
699 4512 726 4564 oi
772 4533 864 4581 um.
