3250 5350
559 517 909 571 rnounconrana.
1293 503 1328 576 lr

129 671 291 768 ejusdem
320 671 448 744 forinae
476 673 512 742 in
542 673 673 768 quihus
690 685 812 746 autem
842 676 1038 774 Digamma
1064 699 1137 749 non
1162 691 1330 752 occurrat

130 798 293 892 apposui.
349 798 486 886 Quinta
515 799 603 870 duas
629 811 748 874 tresve
776 803 1032 899 inscriptiones
1061 815 1198 878 tantum
1218 809 1330 882 hahet

131 925 226 996 haud
254 925 367 1024 longo
393 936 558 1021 tempore
591 937 673 1022 post
704 929 892 1002 Euclidem
914 931 1087 1004 marmori
1111 933 1330 1022 commissas,

132 1067 168 1128 et
192 1067 343 1151 propter
366 1059 660 1156 orthographiam
686 1058 874 1131 notabiles.
928 1058 1039 1162 Sexta
1066 1061 1103 1134 in
1135 1060 1250 1132 classe
1274 1085 1331 1133 re·

132 1189 250 1284 periet
281 1187 415 1260 Lector
450 1187 642 1259 nonnullas
673 1187 926 1281 inscriptiones
954 1212 1105 1285 quarum
1138 1188 1332 1284 plerasque

134 1315 235 1388 multi
271 1339 337 1410 pro
372 1315 553 1412 genuinis,
588 1315 649 1388 alii
685 1340 750 1411 pro
785 1318 916 1413 spuriis
951 1319 1101 1392 hahent.
1172 1319 1216 1392 ln
1256 1346 1330 1418 quo

131 1451 209 1523 loco
240 1459 446 1522 commenta
481 1451 546 1520 ista
579 1449 702 1545 putida
740 1447 932 1522 Michaelis
969 1450 1188 1524 Fourmont¹
1226 1455 1328 1550 (que

134 1583 240 1654 hodie
263 1592 396 1676 praeter
415 1577 649 1650 Rochcttium
673 1600 781 1648 nemo
805 1577 982 1670 defendit)
1002 1578 1208 1652 exscribere
1235 1583 1332 1654 haud

135 1737 223 1808 opus
271 1732 353 1780 esse
393 1707 490 1779 duxi.
540 1705 608 1778 His
645 1729 784 1778 mecum
827 1717 1018 1778 statueram
1060 1719 1100 1779 ut
1143 1709 1332 1803 septimam

136 1845 286 1915 classem
320 1840 559 1937 adjungerem
603 1858 675 1930 qua
722 1833 973 1930 inscriptiones
1007 1834 1052 1906 ad
1087 1833 1331 1910 Dialectnrum

137 1970 386 2070 cognitionem
401 1967 507 2038 utiles
524 1989 606 2036 cum
627 1963 841 2036 Lectoribus
855 1963 1173 2035 communicarem.
1227 1965 1334 2053 Quod

139 2103 335 2203 quominus
377 2095 570 2175 efficerem,
612 2094 683 2165 alia
716 2093 862 2190 quidem
911 2094 1059 2191 negotia
1101 2091 1334 2189 impedivere,

140 2243 319 2330 praeterea
353 2225 451 2320 quod
481 2221 686 2320 hujusmodi
717 2221 971 2316 inscriptiones
1003 2225 1100 2319 apud
1128 2247 1168 2296 se
1202 2227 1335 2304 habere

141 2357 318 2454 quosdam
336 2352 458 2441 sciam,
485 2375 574 2447 quas
592 2361 713 2424 tamen
735 2373 802 2422 nec
820 2352 887 2446 ipsi
906 2353 1030 2438 edunt,
1060 2375 1131 2424 nec
1147 2353 1208 2424 alii
1224 2355 1337 2429 cuivis

142 2487 302 2559 edendas
335 2483 478 2554 tradere
512 2480 650 2552 volunt:
694 2480 787 2552 Cum
813 2503 903 2576 ergo
935 2479 1088 2575 septima
1119 2480 1179 2551 iila
1204 2483 1337 2556 Classis

143 2617 273 2691 clauda
290 2614 412 2687 futura
440 2623 546 2699 esset,
575 2613 668 2685 hanc
691 2609 826 2706 incepti
847 2620 981 2705 partem
1006 2610 1043 2685 in
1073 2609 1171 2686 uliud
1197 2622 1339 2711 tempus

145 2752 382 2827 differendam
410 2746 533 2845 putoi.

187 2965 386 3043 ¹Amyclaess
416 2952 626 3038 inscriptiones¹
642 2964 723 3030 dico,
774 2984 831 3035 sus,
860 2964 1017 3039 Areligges
1042 2982 1144 3023 nornen
1176 2966 1231 3044 legi
1263 2969 1341 3041 dicit,

149 3058 266 3115 minime
289 3058 366 3113 enim
390 3057 550 3131 negandum
572 3063 615 3113 est
639 3056 724 3112 four·
773 3060 846 3133 quod
861 3059 964 3136 liquido
977 3068 1019 3115 est
1031 3060 1182 3133 Archippe.
1225 3060 1291 3132 Sed,
1311 3074 1343 3120 ut

150 3154 290 3210 montium
304 3151 410 3207 multas
427 3160 454 3206 et
475 3150 595 3205 eximias
608 3148 722 3222 inscrip·
775 3156 810 3210 ad
840 3155 1052 3211 Fourmoatimn
1079 3156 1202 3224 redeam,
1226 3156 1256 3211 ia
1282 3160 1342 3231 ejus

149 3248 237 3305 tiones
259 3256 311 3303 aut
329 3263 434 3320 perse,
455 3256 504 3301 aut
523 3262 572 3319 per
594 3243 663 3299 alios
677 3261 725 3299 ex·
775 3250 884 3308 schedis
901 3251 996 3308 insunt
1018 3248 1151 3307 nonnulla
1170 3268 1343 3309 marmorum

149 3340 306 3415 scripsisse.
348 3338 424 3393 later
437 3339 497 3413 ejus
511 3336 639 3406 schedas,
657 3352 726 3409 quas
776 3345 939 3421 apographa
964 3346 1000 3400 ab
1028 3342 1123 3419 Angla
1149 3344 1280 3419 quodam,
1313 3352 1344 3402 ut

150 3434 220 3490 mihi
249 3430 438 3506 inspiciendas
467 3430 583 3487 tradidit
617 3430 661 3485 vir
688 3427 725 3489 tl·
777 3440 897 3509 videtur,
910 3438 1045 3508 conlecta,
1065 3450 1138 3494 etex
1151 3438 1226 3495 iilius
1236 3440 1346 3498 schedis

151 3524 260 3583 Huius
281 3524 402 3580 Lulefiae
424 3542 498 3581 anno
515 3530 614 3593 1822„
635 3521 728 3597 Plures
777 3544 826 3591 aut
837 3552 854 3590 a
866 3531 1055 3601 Fourmontio,
1069 3534 1235 3608 autchajus
1246 3536 1345 3593 amicis

151 3622 222 3677 mihi
242 3624 314 3678 bene
335 3630 417 3677 notas
442 3618 494 3695 (cl.
517 3618 591 3676 inira
610 3637 657 3692 pp.
675 3623 725 3675 21.
776 3630 926 3702 descripta„
982 3626 1161 3685 marmorum
1195 3631 1268 3687 enim
1302 3632 1348 3689 ds.

152 3720 219 3795 78.)
239 3714 402 3773 observavi·
444 3714 476 3769 1⁰
496 3734 525 3789 1>-
544 3718 612 3770 113-
627 3712 727 3769 ⁰blll¹¹⁸
779 3724 1077 3798 scriptionessermone
1087 3722 1161 3778 haud
1170 3725 1237 3779 bene
1248 3724 1347 3797 Angli·

151 3826 217 3868 sum
242 3828 361 3868 monere
389 3811 602 3867 Fourmontium
623 3826 730 3884 quoque
780 3836 813 3874 co
832 3816 943 3889 scriptas
965 3825 1038 3872 sunt,
1082 3813 1157 3870 luter
1180 3814 1252 3884 hm,
1272 3834 1347 3871 mgr.

151 3924 284 3964 mannor
302 3925 321 3963 a
335 3905 452 3962 Clariis
466 3907 638 3979 exscriptum
654 3912 682 3960 et
702 3903 729 3959 in
782 3912 867 3968 moris
883 3910 959 3985 Sigei
972 3908 1165 3984 apographum
1183 3910 1347 3967 mendosum

151 3998 234 4057 Mus.
259 3998 371 4056 Britan·
394 3999 667 4057 hodieasservtlum
682 4014 730 4053 ὲκ·
782 4006 849 4062 vidi.
890 4002 955 4071 Sed,
974 4011 1005 4060 ut
1017 4022 1115 4061 verum
1125 4001 1233 4079 loquar,
1252 4005 1348 4061 omnia

151 4094 305 4168 scripsim-
329 4092 526 4168 Exscripsemt
536 4110 643 4169 quoque
657 4108 733 4147 mar·
783 4100 805 4155 F
806 4096 957 4155 curmontii
967 4099 1140 4172 apographa,
1154 4115 1216 4171 quse
1229 4096 1299 4154 mihi
1309 4099 1351 4156 vi-

152 4204 237 4247 mora
250 4188 384 4266 quaedam
403 4188 462 4247 alia
473 4189 575 4246 ibidem
591 4188 673 4245 hodie
686 4204 731 4243 as·
781 4192 846 4250 dere
858 4189 985 4265 contigit,
1005 4193 1113 4249 mendis
1125 4208 1251 4266 respersa
1262 4202 1336 4251 sunt.

152 4296 270 4343 servata
293 4304 319 4346 e.
348 4304 376 4358 g.
401 4285 460 4343 No.
488 4282 537 4343 36.
564 4285 594 4342 in
619 4300 732 4341 camera
821 4283 936 4352 ’Quod
957 4283 986 4340 iu
1009 4284 1064 4341 hoc
1083 4282 1177 4341 libello
1199 4284 1294 4361 aliqua
1313 4304 1350 4343 ax

152 4380 254 4449 tertis,
274 4389 303 4438 et
320 4380 394 4437 inter
413 4376 563 4455 Eigiuiana
581 4379 637 4436 No.
652 4382 731 4448 2³72,
782 4387 861 4454 parte
874 4378 1003 4453 praestiti,
1022 4378 1051 4434 id
1071 4378 1146 4434 haud
1163 4376 1260 4437 inutile
1277 4380 1352 4437 lutu-

151 4478 186 4533 in
216 4490 275 4551 quo·
307 4490 459 4545 marmore,
489 4474 619 4553 Catalogi
636 4518 638 4525 .
655 4476 733 4532 Mus.
784 4492 916 4531 ramesse
920 4472 1169 4548 judicatMaffeius
1178 4473 1218 4530 ita
1227 4472 1352 4548 loquens,

154 4570 234 4627 Brit.
246 4570 397 4641 coniector,
425 4572 519 4629 nescio
532 4572 670 4645 quomodo
683 4568 735 4627 lal·
783 4566 880 4645 (Praei.
890 4568 968 4625 Mus.
976 4566 1081 4625 Veron.
1091 4565 1207 4639 pun.)
1228 4564 1352 4630 “Quam
