3250 5350
151 468 280 535 lusca.
305 468 415 548 vnis]
717 477 785 555 187

149 662 253 762 longi
275 685 317 736 iv
335 664 431 759 ped„
457 660 518 735 lati
542 686 566 735 v
592 663 765 760 palmas,”
788 665 855 753 vel,
878 663 1006 763 longos
1029 688 1070 737 ιν
1088 665 1184 759 ped„
1208 662 1299 736 latos
1320 683 1344 731 v

212 820 296 867 mas.

148 795 209 906 pai
227 921 252 965 θ’
268 925 286 997 1
339 924 566 1021 Capitulum¹
589 927 766 1000 columnae
783 952 849 1001 nso
865 928 940 1000 loco
956 928 1053 999 baud
1070 928 1227 1023 positum
1249 925 1343 1023 puori

148 1060 160 1100 ¹
186 1058 368 1157 Metopon
387 1060 476 1157 (aure
499 1084 583 1157 pars
602 1084 711 1157 supra
727 1060 957 1158 supercilium
976 1061 1342 1156 fenestroe)‚futurum

148 1202 217 1281 est,
242 1192 354 1265 latum
373 1191 544 1290 sesquip„
569 1216 727 1267 crassum
750 1194 909 1291 sesquip.
936 1193 1010 1287 (oei
1020 1194 1162 1291 forsan

224 1324 244 1399 1
297 1323 503 1422 Capitulum
536 1326 714 1401 columnas
744 1350 810 1399 suo
841 1326 921 1399 loco
950 1326 1048 1397 haud
1077 1325 1242 1419 positum.

209 1454 266 1549 (l)
317 1451 433 1547 Lupia
461 1454 523 1552 qui
555 1454 731 1550 Metopon
759 1454 955 1527 effecturus
977 1462 1032 1525 est
1058 1451 1144 1545 dcc.)

208 1583 258 1672 ,V
311 1582 511 1682 Epistylia²
542 1586 639 1657 haud
661 1608 728 1658 auo
758 1586 835 1657 loco
860 1585 975 1681 posita
998 1584 1111 1682 longa
1137 1608 1212 1656 rur
1243 1583 1340 1678 ped,

144 1733 161 1773 ⁸
187 1721 259 1793 lata
286 1743 316 1791 11
342 1721 424 1816 ped.
450 1728 487 1793 et
509 1719 674 1815 palmam,
701 1743 820 1792 crassa
851 1744 880 1792 rr
906 1720 987 1814 ped.

167 1920 171 1930 ,
223 1853 282 1926 lll
320 1851 1338 1951 Epistyliorum³suolocopositorum⁴oportebatsuper·

144 1984 160 2025 l
190 1982 309 2057 liciam
331 1983 530 2071 elaborare,
556 1983 747 2083 longorum
767 2007 841 2057 vin
859 1986 954 2080 ped„
982 1984 1135 2058 latorum
1160 2009 1189 2057 11
1204 1986 1285 2081 ped.
1303 1994 1340 2057 et

146 2116 268 2215 palm,
294 2138 497 2209 crassorum
525 2137 555 2187 11
576 2117 658 2212 ped.

224 2253 421 2353 Reliquum
447 2265 567 2327 autem
596 2278 686 2351 opus
718 2255 924 2328 universum
950 2254 988 2326 in
1024 2256 1160 2329 ambitu
1194 2256 1340 2333 inchoat

146 2386 154 2428 ἱ
182 2408 338 2460 marmor
363 2382 625 2471 ffleusinium⁵,

144 2584 189 2641 ius
206 2583 255 2661 [ad
272 2581 344 2640 Tab.
367 2580 481 2643 Heracl.
497 2582 521 2639 1.
539 2582 619 2659 (frag.
635 2580 718 2655 Brit.)
767 2590 796 2641 et
809 2580 919 2657 singula
931 2592 995 2639 octo
1005 2582 1089 2657 pedes
1102 2582 1196 2658 longa,
1210 2584 1337 2642 omnium

145 2681 166 2739 l.
200 2679 245 2757 6.]
285 2679 478 2755 “Epistylia”
506 2679 587 2738 docet
615 2680 718 2737 “haud
767 2676 909 2754 longitudo
928 2679 1026 2738 frontis
1047 2679 1116 2736 aedis
1139 2677 1339 2756 longitudinem

145 2795 210 2834 raro
244 2776 272 2832 id
312 2783 403 2833 totum
444 2775 612 2852 significare,
645 2777 718 2852 quod
767 2785 889 2851 superat.
931 2779 1035 2836 Postea
1052 2785 1149 2835 autam
1168 2788 1341 2840 memoratur

143 2869 286 2929 columnis
324 2869 483 2945 imponitur,
519 2872 560 2928 ita
596 2883 627 2929 ut
659 2873 717 2946 ejus
767 2871 843 2929 aliud
856 2871 982 2946 ejusdem
1003 2872 1204 2949 magnitudinis
1225 2871 1254 2929 in
1266 2873 1340 2947 pari·
1413 2938 1416 2947 ¹

145 2967 255 3024 ambitu
274 2965 404 3023 vocabuli
422 2966 508 3024 simul
524 2967 718 3026 columnarum
768 2971 804 3028 eti
835 2969 952 3026 australi
985 2970 1126 3045 positum;
1160 2969 1233 3026 unde
1264 2968 1338 3028 banc
1401 3021 1407 3030 ,

143 3062 283 3139 capitula,
312 3047 397 3119 simul
428 3062 525 3133 etiam,
558 3065 643 3133 trabs,
674 3084 720 3121 ao·
769 3081 876 3140 quoque
902 3083 938 3122 cx
962 3065 1059 3122 eodem
1089 3063 1215 3137 lapidum
1243 3065 1339 3122 ordina

144 3163 263 3238 pharus,
283 3175 394 3233 corona,
414 3167 582 3236 tympanum
601 3159 721 3217 contine·
767 3159 795 3216 in
804 3161 871 3218 aedis
881 3160 967 3219 latare
976 3179 1038 3219 essc
1046 3160 1195 3219 verisimile
1202 3160 1340 3219 videtur.''

142 3258 258 3316 antur.''
300 3261 318 3288 ‘⁶
329 3250 496 3312 Ἐπιστῦλια
510 3255 539 3312 in
557 3273 634 3312 num.
649 3254 721 3330 plur.
765 3253 901 3314 ¹Willrins.

145 3367 178 3413 ut
214 3354 289 3429 apud
326 3351 498 3410 Vitruvium.
548 3349 620 3406 Haec
653 3369 720 3408 vero
811 3348 902 3407 ‘duos
922 3347 1005 3407 ὄντα.
1053 3349 1338 3410 “Cl.tab.xx111.

146 3468 234 3524 supra
247 3448 392 3506 columnas
409 3447 444 3503 ad
466 3445 641 3503 occidentem
655 3443 719 3519 poni
770 3453 800 3505 4.
815 3447 843 3502 ff.
878 3446 1044 3523 Partingunt
1058 3447 1119 3504 baec
1133 3457 1197 3504 octo
1208 3445 1340 3523 epistylia
1387 3513 1391 3522 ¹

146 3565 202 3603 non
218 3553 356 3620 poterant,
377 3545 442 3617 quia
462 3540 605 3614 longitudo
623 3559 718 3598 eorum
770 3541 909 3616 usquead
933 3548 1034 3622 antam·
1054 3541 1182 3616 prostyli,
1209 3561 1273 3617 quae
1296 3550 1341 3599 ast

146 3661 203 3700 rron
230 3641 350 3718 quadrat
372 3639 407 3695 ad
432 3654 594 3694 mensuram
609 3637 645 3692 ab
671 3637 718 3692 axi
769 3637 911 3713 longitudo
926 3656 953 3710 p.
968 3632 1020 3706 65,
1033 3636 1080 3695 4.’'
1119 3636 1236 3696 bliillcr.

144 3741 262 3798 alterius
282 3737 420 3794 columnae
440 3734 475 3791 ad
498 3733 617 3790 atteram
643 3750 719 3789 com·
807 3737 857 3768 Ν
870 3731 985 3807 Fastigii
1017 3732 1090 3807 quod
1123 3733 1215 3790 adbuc
1251 3743 1339 3802 ciant,

146 3837 313 3913 putandam.
355 3832 439 3889 Posui
452 3830 537 3906 igitur
550 3847 634 3903 supra
648 3830 721 3901 pari·
771 3826 914 3900 Zopbori''
957 3826 1014 3900 (val
1057 3826 1258 3897 Diazosmatis,
1300 3827 1338 3886 cf.

144 3943 219 3992 enm
242 3928 395 3990 australem
423 3926 495 3985 Tab.
522 3942 630 3983 xxm.
653 3921 717 3982 Μ.
770 3923 879 3982 Athen.
901 3923 940 3982 V.
962 3943 989 3998 p.
1010 3928 1081 3982 205.
1103 3923 1153 4000 C.)
1170 3926 1226 3981 “et
1244 3923 1339 3978 forsan

147 4034 174 4086 2.
184 4045 214 4101 g.
238 4023 372 4082 Latitudo
383 4022 482 4077 horum
491 4019 572 4094 epist.
581 4025 623 4076 cst
632 4017 719 4074 sume
769 4019 897 4096 tympani
911 4027 1028 4076 exterum
1045 4018 1130 4076 iacies
1151 4039 1167 4076 c
1190 4019 1258 4073 duro
1271 4035 1340 4091 quo·

146 4140 174 4194 p.
189 4126 218 4178 2.
233 4126 264 4178 3.
285 4117 344 4194 (Cf.
358 4116 462 4174 Stuart.
476 4116 534 4172 tab.
552 4119 611 4190 13.)
622 4111 721 4171 crassi·
769 4116 837 4172 dam
858 4115 1006 4173 marmoris
1027 4133 1127 4191 genera
1143 4110 1237 4188 (quale
1253 4129 1339 4187 prope

146 4216 214 4274 tudo
241 4214 303 4272 sine
325 4217 538 4288 antepagmtnw
562 4215 588 4272 l·
615 4215 645 4276 9·
672 4209 721 4274 7.'’
772 4212 933 4270 Eleusinem
978 4211 1128 4284 invenitur)
1172 4207 1247 4266 lacta
1286 4217 1338 4268 ast.

145 4311 270 4372 Mulier.
773 4308 862 4366 Plena
882 4317 927 4366 ast
949 4305 1130 4365 subscudibus
1150 4303 1257 4379 ferrals,
1280 4305 1341 4382 qui-

186 4407 199 4440 ³
221 4412 240 4441 ‘¹
252 4405 395 4481 Episty‘lia
411 4404 457 4460 hie
474 4402 624 4459 innuuntur
640 4419 723 4475 supra
771 4405 824 4462 bus
842 4404 876 4463 ad
895 4403 997 4479 sigilla,
1019 4402 1164 4478 variasque
1182 4401 1338 4477 scalpturas

146 4501 285 4576 parietem
308 4519 358 4558 suo
382 4497 443 4558 loco
464 4498 565 4574 posita,
585 4496 663 4554 initio
686 4499 723 4556 ab
771 4498 926 4572 infigendas
946 4497 989 4555 usi
1005 4504 1071 4554 sunt
1092 4506 1206 4558 veteres.
1247 4495 1340 4554 ‘Mihi

144 4600 250 4674 angulo
276 4598 360 4658 lacto.
405 4596 481 4670 Cum
512 4595 630 4674 quinqua
656 4594 721 4668 sint,
772 4593 884 4670 quidam
905 4593 944 4654 ait
970 4592 1068 4653 Facias
1088 4595 1137 4671 (ad
1159 4595 1280 4655 Pausan.
1300 4591 1353 4663 V„
