3250 5350
848 477 892 533 lo
1263 466 1409 549 [Cunus.
1439 466 1468 530 1.

350 639 480 720 'Hono'r
508 652 725 715 memoratur
749 643 786 714 in
812 645 990 742 catalogo,
1025 653 1063 714 ut
1091 643 1244 730 ridetur,
1275 663 1469 714 munerum

275 772 458 868 eujusdam
500 763 623 872 tempii
659 778 695 848 in
731 777 881 876 AEginu,
928 778 964 849 in
1003 801 1179 850 marmore
1210 801 1234 848 a
1274 776 1351 850 viro
1382 775 1471 845 doe-

275 897 411 972 tissimo
433 903 475 974 C.
495 903 541 976 R.
559 905 747 978 Cockereil
772 907 821 978 ibi
850 917 1005 1002 reperto,
1030 906 1077 976 ad
1102 903 1219 998 ipsum
1249 903 1358 976 finem

575 1032 902 1102 ΑΡΥΣΤΙΧΟΣίΙὶ
930 1031 1164 1099 ΗΘΜΟΣΞΙῙ

273 1141 413 1243 Magna
445 1149 488 1219 tir
530 1161 585 1222 eet
623 1161 742 1222 utrum
776 1150 980 1222 huic'voci
1020 1158 1118 1221 recte
1153 1170 1269 1219 necne
1303 1147 1461 1242 aspirata

273 1277 492 1372 praefigatur.
553 1278 682 1375 Negat
725 1279 926 1364 Bentleius,
969 1275 1174 1371 compositio
1206 1277 1357 1361 ἀπηθεῖν,
1401 1278 1471 1348 dre.

273 1405 424 1476 testibus
439 1408 548 1478 nisus.
601 1408 673 1479 Sed
691 1431 775 1481 vere
796 1406 1017 1480 Chishuiiiuu
1033 1417 1164 1501 praeter
1187 1407 1308 1480 omnia
1329 1407 1470 1494 Ionica,

273 1533 307 1602 in
336 1539 518 1608 communi
537 1538 643 1610 etiam
663 1538 816 1610 dialecto
841 1538 911 1610 alia
939 1560 1083 1634 quoque
1110 1537 1286 1633 simplicia
1307 1537 1469 1631 aspirata

272 1655 309 1727 in
349 1661 607 1754 compositione
644 1661 902 1756 aspirationem
933 1661 1100 1734 omittere
1136 1671 1269 1734 monet.
1340 1657 1468 1758 Hujus

273 1798 371 1868 notae
402 1802 488 1861 aunt
518 1792 684 1876 ἀντήλιος,
723 1793 925 1878 ἀπηλιώτης.
977 1794 1088 1892 Quod
1119 1803 1241 1865 autern
1278 1792 1469 1866 Bentleiue

271 1918 531 2000 animadvertit
559 1943 685 1992 vocem
709 1920 846 1993 scilicet
866 1921 904 1993 in
922 1921 1034 1994 altera
1056 1920 1293 2016 inscriptione
1310 1920 1389 1992 sine
1406 1942 1467 1991 aa·

271 2051 450 2146 piratione
473 2053 559 2150 legi,
585 2055 620 2124 id
644 2077 690 2124 ne
716 2054 900 2126 minimum
920 2053 1063 2150 quidem
1083 2052 1226 2148 pondua
1250 2050 1360 2146 ipsius
1382 2072 1466 2123 sen·

272 2182 395 2254 tentiae
423 2183 536 2254 affert.
588 2184 681 2255 Cum
703 2184 799 2256 enim
827 2184 875 2256 ibi
904 2207 969 2254 sua
988 2183 1065 2280 jam
1096 2189 1254 2275 potentes
1282 2177 1398 2252 voeaii
1429 2185 1465 2250 H

271 2311 406 2384 tributa
418 2313 475 2398 eit,
490 2339 563 2410 quo
580 2315 723 2386 tandem
743 2316 849 2385 modo
866 2313 1036 2407 aspiratio
1056 2309 1304 2407 repraeseutari
1320 2305 1469 2403 potuit?

274 2434 362 2514 Falli
388 2421 597 2516 'Bentleium
625 2453 810 2516 auctorem
839 2464 985 2537 quoque
1012 2439 1250 2512 Scholiuetem
1278 2413 1465 2533 Apollonii

272 2568 427 2642 Rhodii¹
454 2570 628 2644 habemus
647 2573 695 2642 ito
716 2573 937 2666 loquentem.
990 2569 1038 2640 Td
1062 2563 1096 2640 ds*
1121 2567 1249 2650 ‘Hunis
1273 2563 1463 2640 δασύνεται.

338 2689 457 2771 kima.
525 2701 698 2771 “Eodem
765 2697 890 2768 mamis
941 2710 1068 2769 'errore
1133 2695 1228 2769 inter
1284 2720 1465 2773 marmora

270 2828 494 2900 Oxoniensia
516 2828 553 2899 in
573 2830 720 2899 decreto
746 2824 1014 2921 Smyrnaeorum
1035 2850 1068 2897 v.
1090 2836 1172 2897 103.
1223 2836 1370 2903 ΤΡΚΙΣ
1396 2852 1464 2923 pro

269 2963 444 3032 ΤΡΕΙΣ.”
487 2952 671 3025 Chishuii:

344 3090 530 3175 Σιγευευσι.
598 3082 667 3154 Vix
717 3084 866 3155 dubium
915 3085 1003 3180 quin
1054 3088 1153 3181 prid!
1203 3087 1289 3160 illud
1339 3090 1466 3183 ὖψιλον

268 3204 389 3286 ‘errore
417 3210 610 3305 irrepserit.
658 3211 850 3302 Quomodo
885 3214 981 3284 enim
1011 3237 1033 3284 a
1066 3213 1288 3287 nominativo
1319 3224 1465 3311 Erpereir
1556 3304 1560 3310 ,

269 3343 409 3415 dativus
432 3349 604 3434 Σιγευευσι
638 3351 735 3414 recte
769 3341 950 3415 flectendo
967 3342 1108 3415 ¹deduci
1141 3344 1252 3439 possit
1285 3367 1357 3442 ego
1388 3372 1464 3421 non

269 3457 386 3545 iideo.

346 3610 412 3673 Εαν
437 3600 472 3672 de
496 3635 531 3673 τι
557 3634 672 3698 πασχο
689 3614 786 3685 μελε·

788 3608 819 3823 }
845 3663 901 3734 ru
918 3662 1012 3757 apuu
1029 3661 1341 3737 chironomon
1359 3665 1462 3741 nem

367 3722 407 3797 da
431 3760 494 3797 ινεν
516 3764 537 3805 ι
559 3760 594 3799 eo
616 3735 743 3820 Σιγειες

268 3853 441 3949 imprimis
455 3854 642 3925 edebatur.
687 3853 730 3925 ln
743 3854 904 3925 secundo
921 3854 1161 3949 Apographm
1176 3863 1352 3946 punctum
1365 3853 1463 3928 inter

267 4018 290 4055 a
307 3994 343 4054 et
362 3982 425 4054 ain
444 4005 532 4053 voce
548 3980 733 4064 μελεδαινεν
751 3981 979 4079 interjectum
999 3993 1064 4053 est.
1106 3981 1239 4053 Postea
1251 3983 1463 4058 Berunrdua

269 4119 399 4195 Mould
426 4132 464 4191 et
488 4120 687 4193 Astreviuee
709 4116 896 4203 μελεδαινεν
917 4114 971 4190 deo
996 4118 1180 4217 legebant.
1235 4122 1461 4197 Chishuiliua

308 4318 316 4347 ¹
339 4320 433 4378 Schol.
449 4323 544 4397 Apoll.
558 4324 651 4383 Rhod.
667 4326 691 4385 1.
708 4330 793 4391 1294.
885 4324 952 4381 Not.
982 4324 1023 4380 M.
1041 4326 1120 4383 Asku
1147 4327 1193 4401 qui
1222 4344 1240 4383 a
1264 4328 1397 4385 examine
1424 4328 1460 4386 de

885 4435 1029 4475 nouuveeu
1054 4418 1079 4475 le
1102 4422 1214 4477 marbra
1235 4442 1255 4496 y
1279 4438 1352 4477 aru
1372 4421 1400 4480 le
1418 4424 1459 4492 Δ,

306 4508 319 4539 ’
340 4514 435 4572 Nouv.
457 4516 482 4573 T
483 4516 563 4580 ruiti.
582 4518 663 4575 Tom.
678 4519 699 4575 1.
722 4538 749 4595 p.
764 4514 853 4602 630..
885 4534 993 4571 comme
1008 4515 1027 4572 il
1043 4534 1110 4573 nous
1125 4536 1159 4573 en
1173 4518 1296 4577 nassur'e
1305 4516 1343 4575 lui
1355 4533 1457 4577 meme.
