3250 5350
294 478 364 543 21⁸
694 488 1032 550 raonaaouarrt.
1244 468 1393 553 [Cusas.
1417 468 1483 535 111.

295 636 445 735 patebit.
507 632 747 707 Statuendum
788 658 880 733 ergo
917 633 1040 707 forsan
1080 631 1144 705 baa
1181 653 1289 705 voces
1326 630 1484 703 diversas

294 766 415 863 templi
461 758 581 862 partes
621 765 804 839 denotare.
856 764 939 837 Alia
974 773 1094 857 autem
1132 762 1179 833 de
1219 758 1484 857 Opisthodomo

292 894 418 969 incidit
463 894 627 992 quaestio.
689 892 808 995 Vulgo
856 895 1056 993 loquuntur
1100 891 1401 989 Opisthodomnm
1449 889 1484 961 in

292 1048 365 1123 quo
386 1024 596 1099 servabatur
622 1024 738 1101 omnis
758 1026 1033 1099 Atheniensium
1056 1023 1214 1122 pecunia
1240 1018 1484 1097 Parthenonir

292 1178 371 1229 esse
418 1154 608 1251 posticum.
678 1153 784 1247 Quod
833 1165 952 1228 temen
992 1152 1121 1228 falsum
1162 1174 1242 1224 esse
1279 1151 1483 1235 ostendere,

292 1290 346 1385 (ut
375 1296 474 1361 recte
503 1286 691 1381 Osannus)
720 1286 938 1362 Wilkinsius
952 1285 976 1371 ¹,
1003 1297 1042 1359 et
1068 1284 1293 1359 Dodweltius
1304 1282 1329 1357 ².
1375 1284 1480 1379 Opis·

291 1418 483 1493 tbodomus
518 1418 663 1519 quidem
708 1418 799 1493 alius
839 1429 917 1493 erat
957 1417 1213 1504 Parmenonis,
1249 1418 1341 1491 alius
1374 1418 1479 1514 Opis-

290 1552 480 1625 tbodomns
504 1553 650 1649 proprie
673 1554 722 1627 ita
744 1554 862 1628 dictus
882 1554 958 1629 sive
978 1553 1260 1629 Atheniensium
1279 1555 1481 1627 aernrium³.

291 1680 367 1755 Hic
379 1708 430 1797 sq.
441 1696 540 1759 extra
557 1683 791 1758 Parthenone
804 1695 893 1773 erat,
908 1683 947 1757 in
962 1684 1080 1758 media
1093 1708 1179 1757 arce
1189 1685 1277 1757 situs
1292 1696 1331 1757 et
1347 1684 1478 1781 duplici

287 1842 389 1893 muro
407 1817 575 1891 munitus
603 1816 711 1891 Falso
725 1830 861 1907 autem,
880 1842 938 1893 me
946 1819 1086 1917 judice,
1103 1819 1195 1892 adeo
1215 1827 1382 1914 apertum
1400 1842 1475 1891 esse

290 1946 590 2045 Opisthodomum
633 1945 877 2020 Parthenonis
920 1949 1026 2021 docet
1069 1948 1243 2021 Osaunus
1279 1957 1321 2019 ut
1358 1946 1398 2019 in
1436 1970 1479 2018 eo

290 2078 448 2152 thesauri
480 2087 559 2151 tuto
584 2075 692 2151 condi
721 2076 929 2174 nequirent.
979 2078 1038 2151 Ex
1064 2076 1302 2173 inscriptione
1327 2077 1478 2174 quadarn
1592 2171 1593 2190 ἵ

290 2210 385 2304 apud
416 2208 689 2283 Chandlerum⁴
713 2208 856 2305 aliquos
884 2210 921 2281 in
950 2207 1194 2288 Parthenonis
1220 2208 1479 2303 Opistbodomo

288 2339 478 2414 thesauros
508 2350 710 2413 asservatos
750 2364 831 2415 esse
850 2397 854 2406 .
863 2340 1004 2440 judico.
1075 2340 1131 2415 lbi
1167 2338 1265 2415 euim
1302 2337 1472 2435 imprimis
1592 2373 1593 2382 κ

291 2470 328 2545 in
363 2472 595 2549 Parthenone
632 2474 670 2570 (i.
703 2499 737 2548 e.
769 2474 858 2549 cella
891 2472 1031 2571 templi)
1068 2471 1207 2547 conditi
1241 2470 1399 2545 thesauri
1421 2492 1476 2541 re·
1592 2447 1593 2454 ἵ

289 2617 497 2696 oenaentur,
531 2620 658 2705 postea
694 2620 815 2684 autem
863 2608 927 2706 qui
972 2609 1010 2682 io
1055 2608 1318 2705 Opisthodomo
1362 2628 1476 2680 serra·

286 2743 450 2814 bantur..
483 2724 695 2813 Thesauros
730 2752 851 2814 autem
886 2741 923 2814 in
958 2740 1108 2815 diversis
1141 2738 1280 2814 aedibua
1316 2738 1474 2813 conditos
1592 2828 1593 2831 Ἴ

285 2875 324 2948 in
357 2877 492 2948 eodem
536 2896 712 2947 marmore
754 2875 948 2948 recensitos
996 2899 1076 2948 ease
1117 2841 1224 2947 miti'
1248 2875 1347 2947 hand
1390 2873 1472 2947 reri·

286 3007 402 3082 simile
445 3008 599 3095 ridetur,
642 3029 709 3080 nec
750 3006 830 3102 ejus
871 3010 980 3083 moris
1023 3010 1169 3106 aliquod
1213 3009 1405 3110 vestigium
1438 3011 1475 3081 in'

287 3138 525 3212 marmoribus
558 3139 877 3234 deprehendimus.
944 3139 989 3212 ln
1026 3141 1295 3236 Opisthodomo
1333 3143 1475 3239 publico

286 3266 511 3340 condebatur
555 3268 614 3359 (ut
658 3290 766 3363 supra
803 3293 825 3342 e
858 3268 1107 3342 Demosthene
1140 3270 1383 3365 probavimus)
1414 3269 1475 3340 diu

285 3405 371 3468 ante
404 3396 483 3494 ejus
524 3407 699 3493 tempora,
727 3398 845 3470 omnis
880 3422 961 3472 cum
1004 3397 1185 3472 Minervae
1218 3409 1296 3472 tum
1326 3398 1471 3471 aliorum

287 3521 450 3604 Deorum
494 3526 658 3622 pecunia.
711 3527 851 3602 Forsan
895 3552 1038 3624 semper
1070 3529 1104 3600 in
1145 3552 1190 3602 eo
1231 3527 1313 3602 loco
1347 3527 1478 3601 conde·

286 3658 404 3730 batur.
475 3656 669 3757 Nusquam
703 3662 799 3735 enim
833 3662 870 3734 in
914 3660 970 3734 his
1010 3661 1246 3734 marmoribus
1285 3641 1477 3758 pe'cuniam

285 3783 516 3863 memoratam
547 3791 664 3866 video.
717 3793 820 3868 Male
853 3818 942 3893 ergo
974 3793 1167 3866 Osannus⁸
1194 3801 1334 3890 partem
1363 3816 1479 3866 sacra·

284 3943 366 3996 rum
395 3919 630 4017 pecuniarum
659 3924 696 3996 in
724 3923 846 4000 antico
872 3936 909 3999 et
938 3924 1173 3998 Parthenone
1197 3935 1375 3998 serratam
1401 3949 1479 3999 esse

285 4053 381 4129 dicit.
434 4057 568 4130 Omnia
593 4067 713 4132 autem
740 4060 932 4148 ἀναθήματα
961 4061 1034 4134 suis
1058 4083 1202 4158 semper
1224 4060 1370 4160 templis
1383 4063 1480 4149 ,reti-

285 4186 406 4286 gionis
432 4211 560 4262 caussa
586 4189 718 4264 servari
743 4199 844 4287 puto.
1153 4198 1161 4208 “

360 4315 485 4396 Tanta
500 4321 673 4418 praefatus
690 4320 733 4398 L.
753 4319 799 4395 Β.
816 4323 862 4396 ad
878 4321 958 4420 ipsa
976 4347 1154 4396 marmora
1171 4325 1298 4424 tejam
1317 4325 1476 4403 dimitto.

216 4513 218 4520 ’
326 4507 336 4539 ¹
359 4500 489 4560 wilkins.
505 4503 690 4562 Atheniensis
700 4523 729 4580 p.
741 4509 790 4572 98.
912 4500 991 4588 Pott
1001 4521 1055 4563 rx.
1073 4506 1101 4562 5.
1117 4513 1145 4561 et
1159 4455 1296 4582 Lenicog.
1311 4505 1338 4562 in
1355 4524 1438 4566 voce.

323 4603 335 4635 ²
357 4595 497 4663 Dodwell.
514 4596 578 4659 ltin.
594 4599 618 4657 Ι.
629 4618 655 4674 p.
670 4603 739 4658 345.
947 4595 959 4626 ⁴
980 4597 1134 4658 Chaudler.
1150 4599 1219 4662 Pare
1228 4600 1266 4661 11.
1277 4601 1367 4661 lusor.
1376 4601 1436 4665 tv.
1452 4607 1481 4662 2.
1592 4640 1593 4657 1

320 4694 399 4754 th.
438 4693 547 4756 Mente.
584 4693 701 4769 Cecrop.
735 4712 855 4752 cxxvr.
946 4695 1087 4755 ⁶Osann.
1102 4716 1129 4772 p.
1143 4693 1192 4756 62.
1592 4694 1593 4715 ¹
