3250 5350
843 484 914 540 242
1244 478 1394 564 [Cassa.
1419 479 1476 545 111.

470 852 620 933 Cusss.
649 854 739 935 111.
795 857 923 937 Sscr.
953 854 1017 936 11.
1077 860 1230 941 Inscn.
1255 860 1307 938 V.
1445 952 1448 957 ¹

525 1062 761 1139 nunnus
787 1066 1136 1143 unumunurn
1163 1068 1228 1141 1v.

769 1244 861 1301 ΤΑΒ.
884 1244 984 1301 XXX.
1195 1194 1198 1199 Ι

808 1432 945 1481 ..φ-

388 1602 555 1669 Chnudier.
580 1604 656 1668 Pars
680 1604 723 1669 ΙΙ.
775 1604 1029 1670 lnscr.XXV1.
1084 1604 1174 1668 Mus.
1200 1602 1273 1670 Cat.
1299 1612 1375 1677 809.

356 1746 497 1835 Huius
530 1758 713 1831 marmoris
748 1759 858 1855 (quod
888 1758 996 1830 hodie
1024 1758 1061 1830 in
1095 1757 1230 1830 Museo
1260 1757 1466 1831 Britannico

278 1901 499 1961 asservatum
533 1888 760 1961 Chandierus
796 1890 949 1961 Athenis
979 1913 1093 1985 prope
1126 1887 1267 1961 Thesei
1300 1888 1464 1983 tempium

279 2017 381 2109 vidit)
418 2020 526 2092 “duo
560 2020 671 2092 iateru
701 2030 739 2092 et
766 2043 851 2117 pars
881 2044 955 2115 qua
984 2044 1144 2093 crassum
1180 2028 1235 2093 est
1247 2024 1269 2052 '¹
1302 2019 1465 2114 inscripta

278 2154 372 2220 sunt.
418 2146 525 2219 Hanc
544 2148 791 2220 tantummodo
803 2158 941 2245 partem
958 2147 1188 2222 Chandierus
1203 2148 1329 2246 legere
1342 2148 1465 2243 potuit,

279 2289 317 2350 et
351 2278 459 2351 hodie
492 2277 581 2375 iupis
614 2280 706 2351 adeo
732 2279 838 2352 tritus
877 2290 933 2353 est
968 2290 1008 2355 ut
1036 2303 1058 2352 e
1088 2279 1261 2352 lateribus
1292 2303 1365 2351 non
1399 2277 1464 2349 nisi

277 2428 395 2501 pauca
425 2404 546 2503 colligi
576 2405 722 2501 possint.
775 2405 972 2481 Choudleri
997 2407 1247 2505 apographum
1271 2408 1370 2481 haud
1394 2407 1465 2479 cui·

277 2542 437 2637 pandum
489 2553 554 2625 est,
610 2540 677 2613 nisi
738 2542 836 2638 quod
889 2539 979 2613 miro
1028 2563 1152 2613 errore
1215 2550 1299 2612 octo
1357 2540 1464 2612 tineus

208 2652 216 2666 ⁶
277 2690 361 2765 quae
406 2689 532 2740 revera
574 2668 621 2739 ad
662 2665 803 2740 initium
851 2666 1080 2768 Epigraphes
1120 2668 1203 2756 siut,
1254 2671 1301 2742 ad
1337 2669 1463 2743 enicem
1595 2773 1597 2779 ,

277 2796 456 2896 rejecerit.
533 2795 576 2868 ln
629 2796 770 2869 duabus
820 2798 990 2871 chartulis
1042 2799 1162 2872 forsan
1218 2803 1462 2898 apographum

283 2932 474 3030 scripserat
508 2956 599 3029 quas
631 2955 713 3004 cum
749 2955 823 3004 non
859 2935 926 3006 nisi
963 2934 1076 3033 longo
1111 2947 1192 3031 post
1221 2946 1383 3032 tempore
1414 2959 1466 3007 re-

283 3063 455 3162 spexerit,
489 3063 623 3136 oblitus
657 3075 711 3136 est
743 3085 827 3159 quae
860 3063 1014 3158 priorem
1049 3087 1207 3160 quaeque
1236 3065 1466 3161 posteriorem

279 3204 418 3293 partem
450 3193 665 3266 contineret.
711 3189 850 3266 Eisdem
885 3192 1065 3277 materies,
1098 3203 1140 3264 ut
1171 3194 1258 3267 satis
1289 3207 1399 3290 patet,
1428 3192 1463 3262 in

217 3409 220 3416 k
283 3327 434 3424 singulis
469 3326 639 3398 lateribus
673 3334 861 3414 tractatur,
888 3335 925 3398 et
955 3337 1097 3421 pactum
1132 3327 1274 3400 videtur
1305 3348 1384 3398 esse
1412 3325 1464 3396 iu-

279 3457 464 3531 duciarum
491 3455 549 3530 vei
575 3457 773 3554 Ἐκεχειρίας
801 3479 884 3551 quoe
911 3454 957 3527 oh
988 3467 1088 3527 certa
1113 3456 1280 3552 quiedam
1306 3455 1462 3528 Deorum

279 3589 442 3662 solennia
466 3587 603 3660 solebat
626 3585 806 3660 constitui.
862 3583 950 3674 Hic,
979 3588 1046 3658 nisi
1071 3588 1188 3680 fallor,
1215 3587 1356 3687 Magna
1385 3611 1461 3685 que

278 3727 452 3794 vocantur
495 3717 672 3816 Mysteria
716 3729 855 3791 tantum
903 3717 1116 3807 innuuntur,
1156 3721 1321 3816 quamvis
1365 3720 1461 3793 aliter
1595 3816 1597 3819 Ι

279 3850 475 3927 Biickhius.
527 3855 551 3890 ‘⁶
567 3847 868 3946 Fragmentum,”
896 3860 935 3921 ut
953 3850 1012 3924 ille
1036 3851 1268 3948 sagacissime
1292 3851 1330 3922 in
1355 3849 1459 3922 literis
1595 3834 1597 3883 ἶ

279 3979 402 4067 MSS„
438 3975 603 4073 “incipit
632 3975 823 4050 aratione
854 4001 978 4050 earum
1011 4003 1131 4052 rerum
1158 4001 1226 4073 pro
1252 3978 1384 4073 quihus
1409 4000 1458 4049 re·

280 4112 481 4187 muneratio
515 4111 633 4183 danda
666 4107 722 4194 sit,
757 4110 866 4181 credo
892 4133 959 4205 pro
992 4111 1125 4182 damno
1158 4109 1256 4206 quod
1291 4110 1385 4181 inter
1411 4110 1460 4181 iu·

275 4240 462 4313 duciarum
491 4251 632 4335 tempus
657 4239 793 4311 iiiatum
824 4251 928 4312 esset.
981 4239 1156 4336 Sequitur
1186 4239 1224 4312 in
1263 4263 1345 4336 quae
1375 4240 1464 4313 festa

276 4369 485 4440 convenerit
511 4371 556 4440 de
582 4368 741 4466 ἑκεχειρίᾳ
772 4365 847 4441 sive
873 4362 1049 4454 onesimum
1077 4367 1209 4439 deinde
1238 4368 1466 4440 constituitur

275 4511 417 4594 tempus
464 4502 640 4599 ἐκεχειρίας
683 4499 835 4573 maxims
887 4495 1145 4592 Mysteriorum
1195 4523 1321 4572 caussa
1363 4499 1469 4574 iuotae
