3250 5350
859 431 906 540 tl
1266 476 1412 560 [Crass.
1435 477 1488 548 11.

289 660 474 737 literarum
497 664 723 760 coryphaeus
750 659 798 738 R.
812 663 856 737 P.
884 662 1023 762 Knight
1051 662 1184 760 quippe
1214 666 1277 762 qui
1296 666 1390 740 ‘tero
1420 667 1487 740 ab·

289 797 503 870 simillimum
539 797 736 869 arbitretur
773 796 912 870 literam
943 796 982 882 in
1023 796 1257 893 inscriptione
1298 798 1378 871 loco
1409 807 1485 870 tam

188 1025 194 1032 ι
288 936 433 1032 publico
456 935 524 1012 sita
549 945 695 1031 tamque
718 934 842 1031 paucis
866 933 1022 1006 cliteris
1046 935 1224 1006 constanti
1251 934 1334 1008 addi
1364 959 1484 1032 posse.

289 1068 392 1142 Idem
410 1099 509 1143 αυτος
531 1065 657 1138 eodem
676 1066 781 1137 modo
798 1071 920 1140 alveos
938 1061 1092 1160 (AEolico
1110 1062 1246 1137 scilicet
1261 1064 1484 1161 digammate

290 1196 515 1293 interposito)
534 1218 608 1290 quo
624 1189 711 1279 αιδης
737 1192 800 1265 fiat
825 1189 936 1278 atalae
953 1191 1031 1264 fieri
1047 1214 1152 1287 posse
1169 1191 1363 1287 aliquando
1378 1203 1486 1287 puta·

289 1324 377 1400 rit¹.
431 1325 549 1416 Quam
567 1324 783 1397 sententiam
809 1323 888 1419 ipse
914 1331 1039 1418 postea
1062 1318 1270 1394 damnavit⁹
1296 1345 1379 1393 cum
1395 1301 1485 1408 urbm

289 1483 434 1555 semper
450 1457 674 1558 trisyllabon,
699 1491 796 1536 αυτος
820 1467 956 1544 autem,
985 1465 1024 1527 ut
1050 1462 1148 1526 recte
1172 1453 1374 1542 Dawesius,
1393 1479 1485 1528 sern-

287 1613 352 1684 per
379 1589 575 1687 disyllabon
602 1614 682 1662 esse
711 1590 945 1688 intelligeret.
999 1589 1227 1685 Sculptorem
1254 1590 1363 1686 ergo,
1399 1611 1484 1662 cum

287 1723 446 1823 ipcertus
471 1724 624 1794 haereret
647 1744 694 1792 an
730 1730 862 1798 ΑΠΟ
896 1743 995 1794 more
1020 1717 1229 1816 antiquiori,
1262 1716 1318 1791 vel
1347 1726 1485 1794 ΑΥΤΟ

288 1853 414 1926 seriori
448 1852 676 1924 scribendum
711 1864 816 1938 esset,
864 1863 1054 1950 utramque
1096 1851 1233 1924 literam
1277 1850 1485 1924 adhibuisse

287 1992 390 2079 putat
416 1982 621 2080 Knightius,
649 1983 998 2079 quam'seutentiam
1030 1981 1195 2074 Porsono
1222 2004 1369 2079 quoque
1394 1983 1484 2056 arri-

288 2112 376 2185 sisse
396 2110 508 2184 literis
526 2111 636 2184 MSS.
656 2137 713 2186 me
730 2112 921 2185 certiorem
940 2111 1070 2184 effecit.
1126 2093 1128 2096 ⁵

363 2244 459 2318 Mihi
481 2256 615 2332 autern,
645 2268 736 2341 pace
756 2253 939 2316 tantorum
959 2242 1114 2314 virorum
1138 2241 1269 2330 dicam,
1294 2245 1375 2318 haec
1392 2245 1484 2320 ratio

287 2375 364 2450 veri
389 2375 511 2448 similis
538 2377 632 2448 haud
658 2374 812 2449 videtur.
858 2371 979 2447 Nullis
1009 2373 1196 2468 exemplis,
1228 2375 1327 2447 nulla
1358 2388 1484 2450 ancto-

288 2509 392 2582 ritate
408 2508 545 2597 nititur‚
563 2533 632 2581 nec
649 2507 727 2602 ipsa
745 2530 825 2579 sese
841 2515 973 2579 tuetur.
1016 2505 1241 2600 Sculptorem
1260 2506 1342 2603 quis
1359 2509 1484 2580 credat

288 2664 331 2715 ea
359 2641 543 2716 literarum
572 2639 691 2738 figura
715 2661 862 2711 usurum
893 2637 1013 2724 fuisse,
1043 2659 1152 2731 quam
1179 2638 1264 2709 dnm
1291 2637 1481 2727 incideret,

287 2772 453 2868 omnibus
477 2773 569 2844 adeo
593 2770 782 2841 obscuram
812 2769 970 2839 futuram
996 2788 1074 2837 esse
1100 2766 1320 2865 intelligeret
1346 2780 1384 2841 ut
1405 2770 1485 2865 ipse

288 2900 566 2997 explicationem
597 2919 744 2996 quoque
768 2891 969 2969 scriberet?
1021 2896 1128 2987 Quod
1151 2900 1297 2995 quidem
1324 2900 1354 2973 si
1376 2901 1485 2973 fecis-

289 3013 356 3113 set,
377 3028 517 3101 literam
544 3050 616 3124 qua
644 3037 806 3098 uteretur
832 3027 878 3097 ad
904 3026 1051 3099 alteram
1080 3026 1342 3122 explicandam,
1371 3053 1486 3126 supra

287 3159 540 3258 potiusquam
570 3161 617 3231 ad
647 3157 740 3231 latus
771 3155 985 3252 scripsisset.

362 3291 496 3385 Aperte
530 3311 620 3386 ergo
654 3286 898 3384 profitendum
933 3295 987 3357 est
1020 3309 1095 3359 rem
1130 3285 1307 3385 difficilem
1336 3312 1416 3363 esse
1447 3302 1487 3363 et

286 3418 405 3490 adhuc
435 3418 660 3517 subjudice.

356 3544 570 3618 Dawesius³
596 3546 692 3644 quod
717 3545 755 3617 in
783 3547 851 3619 bac
886 3546 1117 3643 inscriptione
1143 3520 1279 3647 legitur
1306 3582 1373 3635 εμι,
1408 3574 1486 3625 ηοιι

280 3677 358 3777 jam
395 3710 470 3763 ειμι,
507 3678 558 3749 uti
584 3677 731 3749 voluere
756 3676 822 3750 viri
848 3677 992 3765 eruditi,
1018 3680 1080 3750 sed
1112 3714 1166 3765 ημι
1200 3680 1317 3752 valere
1345 3682 1486 3754 statuit.

288 3805 344 3878 lta
360 3803 457 3878 enim
476 3808 573 3901 apud
590 3805 720 3878 AEoles
738 3840 801 3889 ειμι
818 3830 960 3902 semper
978 3807 1151 3903 scriptum
1172 3820 1312 3883 constat
1324 3810 1349 3883 ⁴.

363 3906 469 4023 Quod
512 3931 638 4033 ανδριας
675 3933 806 4007 attinet
853 3937 952 4029 (quae
994 3958 1064 4007 vox
1102 3934 1312 4009 Dawesium
1350 3936 1486 4010 mirum

286 4065 324 4137 in
354 4064 498 4136 modurn
526 4063 640 4151 torsit,
674 4090 755 4137 curn
791 4065 965 4137 sermonis
1002 4068 1107 4140 soluti
1144 4070 1321 4142 rationem
1356 4080 1487 4167 postu-

286 4196 361 4268 lare
387 4206 428 4268 ut
447 4191 618 4268 articulus
644 4205 717 4269 tam
736 4194 817 4271 voci
845 4192 970 4294 ανδριας
997 4224 1103 4295 quam
1132 4210 1263 4298 σφελας
1290 4224 1488 4299 praepona·

325 4418 335 4449 ¹
357 4415 458 4491 Essay‚
472 4423 560 4489 p.72.
725 4449 728 4460 =
945 4422 957 4456 ⁴
980 4418 1026 4477 cf.
1048 4421 1141 4482 fisch.
1166 4424 1201 4480 ad
1225 4422 1309 4482 Well.
1324 4422 1347 4479 I.
1369 4442 1398 4497 p.
1413 4430 1486 4483 111.

324 4508 336 4542 ’
357 4508 468 4586 Proleg.
481 4508 510 4566 in
524 4508 612 4567 Hom.
625 4511 649 4579 t.
662 4528 811 4574 uxxxvr.
906 4516 997 4574 Koen.
1012 4518 1048 4573 ad
1063 4520 1150 4595 Greg.
1165 4540 1193 4595 p.
1206 4524 1271 4587 129.
1287 4524 1352 4586 137.
1373 4518 1486 4581 Matth.

325 4603 428 4683 [Mu.
443 4605 515 4666 Crit.
534 4612 640 4685 p0127.
907 4611 931 4668 1.
945 4630 973 4687 p.
984 4616 1032 4680 29.
