3250 5350
175 451 304 515 lusos.
331 444 375 525 1.]
734 454 807 513 315

252 624 386 696 Omnia
420 643 503 719 quae
531 625 567 695 in
596 624 665 696 hoc
693 642 867 695 marmore
896 632 1140 697 memorantur
1168 630 1250 695 acta
1275 634 1368 708 sunt,

172 768 216 828 ut
249 756 287 827 in
321 756 414 829 facie
448 780 574 830 aversa
608 753 751 841 dicitur,
789 754 1012 829 Praetoribus
1046 754 1201 829 Athenis
1235 752 1369 838 Callea,

173 887 436 973 Charisanrlro,
463 887 770 983 Hippodamante,
797 886 998 961 Socratide.
1051 887 1191 961 Calleas
1216 896 1257 958 ut
1274 886 1369 959 vide·

174 1031 235 1095 tur
270 1021 518 1119 magistratum
548 1031 630 1115 post
664 1018 815 1092 Deliaca
844 1021 925 1092 iniit
952 1045 1037 1117 quae
1072 1034 1208 1118 postea,
1243 1032 1371 1118 quarto

175 1153 322 1224 demum
338 1174 445 1238 anno,
465 1149 653 1221 Socratirle
667 1138 854 1224 Archonto
873 1153 1055 1225 celebrata
1071 1166 1165 1227 sunt.
1219 1152 1372 1225 Deliaca

175 1309 229 1357 sc.
266 1284 514 1381 redintegrata
535 1292 618 1355 sunt
652 1284 877 1382 Olympiadis
906 1310 1093 1358 uxxxvrrr.
1119 1310 1217 1357 anno
1247 1286 1368 1368 tertio;

177 1426 218 1488 et
252 1438 334 1486 curn
371 1424 501 1509 quarto
540 1412 666 1509 quovis
697 1437 795 1485 anno
828 1413 1101 1487 celebrarentur
1140 1414 1370 1486 in'eundern

174 1566 312 1617 annum
350 1545 528 1639 cujusque
568 1541 792 1637 Olympiadis
827 1544 1033 1615 necessario
1067 1545 1238 1615 incidere.
1288 1540 1371 1616 lum

175 1674 260 1745 satis
287 1682 387 1767 patet
410 1667 570 1743 Calleam
599 1668 822 1743 Archontem
848 1694 928 1741 csse
951 1696 1048 1743 anno
1068 1668 1118 1766 ΞΜ
1150 1668 1374 1768 Olympiadis

175 1805 420 1881 centesimae'.
473 1804 628 1876 Reditus
654 1828 728 1876 non
760 1805 978 1877 exhihentur
1011 1804 1081 1877 nisi
1109 1806 1154 1877 ad
1187 1804 1372 1901 Hippoda-

177 1947 299 2010 manta
329 1936 566 2022 Archontem,
595 1933 680 2028 quia
710 1934 845 2006 scilicet
871 1933 1023 2007 D'ollaca
1051 1958 1148 2007 anno
1181 1944 1262 2029 post
1291 1957 1371 2005 eum

178 2066 388 2164 magistratu
422 2040 840 2143 functum'celebranda
871 2074 1001 2134 essent.
1045 2062 1249 2135 Socratides
1284 2086 1375 2160 ergo

179 2196 218 2265 in
244 2195 312 2265 hoc
331 2202 432 2287 parte
451 2189 639 2261 marmoris
664 2188 762 2261 haud
786 2199 1013 2261 memoratur.
1056 2191 1186 2263 Trium
1213 2192 1373 2286 priorum

178 2349 358 2399 annorum
395 2324 599 2395 Archontes
632 2330 743 2417 atque
784 2318 924 2404 scribae,
965 2320 1112 2393 minime
1150 2334 1271 2395 tamen
1310 2346 1375 2392 suo

178 2456 320 2542 ordine,
348 2464 386 2526 et
412 2462 539 2547 postea
556 2448 848 2545 Amphictyones
868 2447 1109 2521 Athenienses
1128 2460 1374 2521 recensentur.

179 2586 299 2658 Acule
336 2578 521 2653 Biiclthlus
556 2575 645 2648 vldll
683 2576 793 2648 v'erb'o
828 2575 905 2648 ὅσον
941 2574 1060 2673 χρόνον
1091 2576 1229 2649 ἕκαστος
1270 2578 1376 2649 αὐτῶν

178 2715 283 2814 ἦρχεν
317 2719 513 2786 monstrare
551 2707 713 2805 singulos
751 2706 1033 2803 Amphictyonas
1065 2709 1216 2806 singulis
1258 2710 1375 2800 annis,

179 2845 279 2917 hauri
304 2861 430 2913 omnes
457 2838 585 2910 codem
611 2845 775 2930 tempore
799 2859 878 2908 esse
904 2837 1129 2910 constitutos.
1280 2921 1282 2926 Ι

257 2977 356 3047 Ante
387 2971 508 3043 omnia
535 2969 573 3041 in
605 2965 724 3063 lapide
753 2966 953 3040 cernuntur
984 2969 1098 3042 literae
1122 2980 1233 3057 Θ.Ε;
1270 2994 1378 3067 supra

180 3110 221 3180 in
241 3101 475 3199 inscriptions
500 3101 657 3194 quadam
681 3099 898 3171 Atheniensi
921 3101 1092 3172 habemus
1115 3107 1230 3176 ΘΕΟΙ
1246 3161 1253 3176 .
1268 3111 1306 3175 Ε.
1320 3161 1327 3174 .
1343 3159 1370 3175 ..

181 3238 252 3311 His
284 3233 398 3306 literis
426 3243 536 3303 voce's‘
556 3231 684 3301 'Eurota
716 3237 807 3299 Θεῶν
831 3229 980 3322 ex'p'r'irhi
1011 3231 1068 3301 tel
1095 3231 1243 3300 indicari
1272 3240 1376 3326 puta-

180 3368 236 3442 vit
261 3364 456 3461 Taylorus.
507 3333 708 3430 Corsirius’
734 3358 863 3429 multas
882 3361 1137 3454 explicationes
1161 3363 1300 3457 profert
1323 3363 1378 3436 in-

181 3513 241 3575 ter
257 3521 347 3594 quas
363 3498 443 3579 hoec
461 3493 716 3567 verisimillima
729 3490 873 3563 videtur
889 3497 1039 3567 ΘΕΟΙΣ
1057 3501 1379 3572 ΕΡΙΚΟΥΡΙΟΙΣ.

183 3633 350 3706 Marmor
366 3622 544 3724 στοιχηδὸν
562 3623 731 3697 scribitur
742 3651 752 3708 ;
779 3645 846 3694 nec
867 3622 902 3694 ei
922 3622 1070 3692 inultum
1086 3624 1209 3695 nocuit
1228 3635 1378 3721 tempus.

184 3758 344 3833 Multum
365 3753 563 3852 diligentiae
581 3753 617 3823 in
633 3749 793 3822 hameris
806 3749 1013 3845 supplendis
1029 3751 1160 3822 frustra
1178 3751 1378 3826 insumserc

183 3892 253 3966 viri
284 3889 415 3963 eruditi
446 3888 522 3982 qui,
558 3885 588 3956 si
622 3884 755 3978 aliquid
788 3882 1040 3978 profecissent,
1068 3908 1139 3986 ego
1174 3893 1271 3955 certe
1304 3908 1376 3979 non

228 4118 370 4182 ¹Corsin.
400 4121 475 4177 Fast-
500 4120 562 4175 Att.
588 4116 671 4172 Tom.
698 4131 754 4172 111.
845 4112 988 4177 'Corsim
1024 4118 1051 4174 in
1088 4119 1196 4192 Proleg.
1233 4121 1268 4174 ud
1310 4119 1378 4178 Not.

186 4222 296 4291 poor.
808 4212 902 4268 Graec.
924 4231 951 4284 p.
970 4229 1072 4269 xvrrr.

634 4436 649 4480 Ι
