3250 5350
129 465 255 560 isses(
271 490 393 572 x111.]
413 483 427 604 ἰ
559 553 565 565 ,
695 503 740 566 ss

292 661 510 744 ΜΑΡΚΟΝ,
541 665 797 749 ΛΑΤΙΝΙΟΝ,
831 669 932 736 ΓΙΑΝ

290 781 508 862 ΔΟΥΣΑΝ,
536 783 737 866 ΑΠΟΛΙΣ,
764 785 938 854 ΤΩΝΓΥ

288 897 501 981 ΘΕΑΤΑΝ,
537 897 785 982 ΒΙΑΔΙΝΟΥ,
818 901 1069 971 nocetum

198 1059 206 1069 ·
289 1017 450 1098 ΑΜΟΝ,
473 1019 656 1101 ΞΕΝΟΝ,
684 1020 775 1103 ΚΑΙ,’
801 1021 938 1089 ΙΛΙΟΝ
966 1023 1254 1095 ΕΥΕΡΓΕΤΑΝ.

127 1151 236 1226 “Hoc
259 1154 387 1248 paucis
404 1154 488 1228 licet
510 1157 614 1230 lineis
630 1159 848 1248 absolutum,
874 1161 998 1234 omnio
1013 1173 1134 1235 temen
1153 1165 1317 1238 continet

128 1291 237 1378 “quse
277 1285 436 1379 publicis
477 1288 631 1361 decretis
673 1289 822 1383 proprio
864 1312 910 1362 ex
952 1290 1031 1363 eliis
1073 1297 1315 1368 monumentis

128 1413 327 1486 “scimus’'
869 1511 876 1521 .

193 1549 217 1579 “
230 1540 407 1615 Solebent
428 1553 605 1639 prmteres
623 1547 757 1642 publici
779 1548 929 1643 hospitis
947 1549 1035 1647 jum
1058 1554 1184 1625 nonin
1209 1555 1315 1631 unius

128 1679 321 1766 “personae
356 1676 420 1747 sed
453 1673 492 1745 in
525 1685 749 1771 posterorum
792 1675 942 1773 hospitis
977 1700 1124 1774 quoque
1155 1680 1313 1756 favorem

130 1801 305 1874 “decerni
340 1814 380 1874 ut
413 1801 450 1874 in
487 1825 662 1908 marmore
690 1803 875 1876 Melitensi
908 1807 954 1878 de
981 1805 1171 1884 Demetrio
1207 1811 1314 1908 Syros

129 1931 312 2004 “cusano¹
333 1943 371 2005 et
393 1935 430 2006 in
455 1934 609 2007 decretis
635 1933 838 2030 Corcyraeis
860 1937 906 2008 de
930 1935 1062 2008 Boisco
1086 1937 1279 2014 Dodonaeo
1290 1946 1313 2024 ¹,

129 2069 193 2131 “et
225 2062 381 2157 Lycisco
411 2061 627 2148 Prienensi3
661 2071 700 2133 et
733 2073 854 2158 nostm
880 2063 1016 2151 lamine
1044 2089 1155 2138 unum
1183 2067 1316 2162 solum<

128 2195 261 2266 “modo
296 2195 471 2278 nominet,
514 2193 558 2264 iis
588 2203 766 2266 ornatum.
833 2195 882 2266 At
917 2218 998 2266 cum
1017 2195 1208 2268 'nonnulis
1244 2197 1314 2270 elie

129 2323 415 2396 “monuments³
449 2347 595 2420 quoque
631 2324 680 2395 its
713 2347 752 2394 se
769 2323 934 2410 ‘habent
967 2324 1069 2420 parvi
1101 2327 1171 2399 hoc
1201 2351 1311 2426 ergu-

131 2459 317 2527 “mentum
345 2455 421 2550 ipse
446 2453 579 2527 facio.''

195 2591 218 2623 “
236 2582 393 2683 Majoris
423 2591 544 2656 sutem
567 2584 736 2656 momenti
763 2581 906 2657 videtur
930 2582 1075 2656 omissio
1098 2584 1197 2658 urbis
1225 2585 1314 2680 ξενο·

131 2712 283 2813 ’ἦδοχους
312 2740 392 2787 eam
416 2716 520 2812 enim
540 2738 621 2787 cum
641 2738 694 2789 vv.
721 2712 936 2788 doctissimis
963 2716 1079 2790 [anzi
1105 2728 1142 2793 et
1158 2718 1314 2817 Febricy

132 2851 153 2881 “
169 2847 203 2918 in
224 2852 346 2922 Σαοτις
364 2843 538 2917 vocabulo
565 2866 739 2939 quaerere,
757 2842 818 2915 vix
841 2868 886 2916 oc
903 2867 950 2916 ne
973 2845 1035 2917 vix
1054 2846 1199 2941 quidem
1217 2872 1240 2920 s
1257 2872 1315 2921 me

131 2986 152 3016 “
167 2978 359 3077 impetrare
393 3002 550 3075 possum.
602 2976 717 3050 Hisce
751 2976 950 3051 rationibus
984 2989 1196 3062 commotus,
1229 2980 1316 3077 quie

132 3096 296 3204 “dempe
330 3117 453 3180 nostra
488 3107 620 3179 lomina
654 3130 723 3179 nec
761 3106 914 3180 ‘formem
945 3106 1125 3203 publicam
1170 3106 1313 3196 hebere,

132 3239 231 3309 “nec
260 3236 388 3329 urbem
417 3232 588 3333 ξενοδοχον
618 3233 779 3313 indicare
805 3235 959 3320 videtur,
995 3259 1073 3307 eam
1100 3235 1218 3331 potius
1243 3236 1315 3330 pri·
1359 3320 1362 3324 ,

132 3371 150 3400 “
164 3376 253 3439 mtae
280 3390 391 3462 quam
421 3365 575 3463 pubiicae
601 3363 852 3460 hospitalitatis
885 3365 1042 3437 tabulam
1075 3364 1186 3437 fuisse
1220 3365 1315 3437 exis·

131 3500 149 3530 “
164 3496 245 3567 timo
256 3496 306 3567 ‘J'
359 3494 476 3566 Recte
501 3494 661 3579 omnino,
690 3492 788 3588 quod
822 3492 988 3565 laminam
1023 3504 1182 3566 nostram
1218 3494 1314 3565 haud

130 3622 272 3713 publicae
296 3620 547 3716 hospitalitatis
564 3631 734 3693 tesseram
764 3643 843 3693 esse
865 3612 1095 3707 existimerit3
1126 3622 1221 3718 quod
1240 3622 1314 3717 pri-

132 3756 210 3818 vate
226 3744 407 3827 statuerit,
427 3746 523 3817 haud
549 3744 648 3831 item,
668 3755 707 3816 ut
724 3768 794 3842 ego
819 3753 919 3840 puto.
970 3744 1128 3818 Privatae
1145 3746 1313 3819 amicitiae

135 3884 228 3948 testes
256 3876 489 3973 magistratus
500 3850 700 3963 'adhibere
719 3875 785 3959 vel,
809 3885 849 3947 ut
875 3874 1169 3965 Siebenkeesim,
1196 3879 1313 3949 “hos-

168 4087 236 4144 ¹ct
256 4086 438 4145 Torremuzz.
468 4085 554 4143 Inscr.
582 4082 638 4141 Sic.
663 4103 691 4157 p.
782 4080 1101 4141 ¹ct.int1201sss.v.
1116 4081 1210 4139 Noni.
1231 4080 1313 4137 Mus·

140 4176 178 4239 79.
191 4178 294 4240 Μαι-ω.
307 4178 375 4238 Del.
388 4180 460 4236 inter
474 4178 581 4235 Marm.
594 4178 692 4246 Oxou.
742 4176 830 4235 toxidi
844 4176 934 4235 illust
947 4174 1084 4233 Corcires.
1105 4194 1134 4250 p.
1148 4178 1214 4235 188.
1234 4176 1313 4234 Dod-

141 4267 182 4326 Ed.
207 4274 280 4331 Prid.
309 4275 368 4332 No.
394 4274 447 4333 111.
471 4272 636 4333 Thomasin.
658 4273 691 4329 de
741 4270 1066 4346 well.ltin.11.p.5os.
1088 4271 1311 4331 mammonin.
1412 4266 1419 4269 ’

141 4358 244 4424 Tenem
276 4367 418 4442 Hospitsl.
452 4366 525 4442 apud
562 4367 688 4424 Gronov.
741 4368 764 4425 1.
785 4370 895 4442 p.325.
1099 4351 1102 4356 ¹

141 4450 209 4515 Thes.
242 4466 310 4521 Ant.
344 4462 440 4534 Graec.
472 4460 557 4519 Tem.
579 4460 634 4519 IX.
662 4479 690 4534 p.
779 4459 940 4517 ³Torrem.
954 4458 1040 4516 inser.
1055 4458 1112 4515 Sic.
1134 4478 1162 4531 p.
1171 4463 1221 4525 79.

27 4606 28 4609 ,
145 4552 198 4611 198.
782 4552 990 4611 ⁴Siebenkecs.
1015 4570 1062 4625 pp.
1075 4554 1104 4620 5,
1117 4546 1146 4621 6,
1159 4555 1210 4615 7.-
