3250 5350
239 453 301 524 lxii
668 471 1013 524 raonaconrsnA.

238 626 404 721 quaedam
442 621 614 696 Bimardii
656 623 809 695 Baronis
846 621 985 694 Montis
1025 619 1170 694 Seleuci
1206 622 1253 693 de
1292 621 1435 694 latinis

236 753 533 850 inscriptionibus
556 756 662 826 etde
687 755 842 848 quadarn
860 748 1006 824 Graeca¹
1028 750 1126 821 infra
1152 749 1293 844 posita3
1321 751 1435 849 subji-

240 886 385 956 ciuntur
416 893 536 956 autem
567 882 763 956 'chisnollii
794 883 841 953 de
874 880 986 978 Sigeo
1014 878 1167 973 aliisque
1197 881 1435 952 marmoribus

239 1007 508 1086 dissertationes
532 1037 578 1086 ex
602 1015 681 1109 ejus
703 1034 813 1106 opere
832 1010 1007 1104 repetitae.
1060 1008 1200 1080 Dbnati
1225 1009 1318 1082 libro
1341 1033 1435 1104 prte-

239 1141 390 1214 mittitur
405 1139 738 1237 praestantissimum
757 1149 794 1210 at
804 1138 1070 1252 ⁸imperfectum
1097 1137 1240 1210 Maffeii
1269 1163 1361 1236 opus
1389 1141 1435 1212 de

237 1279 315 1342 arte
334 1270 472 1343 Critica·
487 1267 693 1364 lapidaria,
721 1291 795 1365 quo
819 1269 931 1340 multa
953 1269 999 1340 de
1018 1267 1217 1362 Scripturoe
1239 1268 1381 1364 origine
1397 1280 1435 1340 et

238 1397 283 1468 de
317 1396 622 1490 inscriptionibus,
662 1420 743 1492 quae
776 1396 812 1468 in
851 1395 952 1468 libris
994 1419 1076 1468 cum
1110 1395 1323 1468 Graecorum
1356 1406 1433 1467 turn

238 1525 449 1597 latinorum
473 1526 692 1613 referuntur,
725 1527 886 1600 exaravit
914 1526 1068 1598 eximius
1094 1526 1156 1598 ille
1184 1525 1368 1612 Maffeius,
1395 1537 1435 1598 et

237 1667 364 1750 postea
383 1657 553 1729 Canones
577 1660 768 1729 traduntur
791 1660 838 1729 ad
861 1681 966 1729 vetas
990 1657 1240 1755 inscriptiones
1255 1683 1278 1730 a
1302 1657 1434 1753 spuriis

137 1817 148 1833 =
237 1781 511 1880 dignoscendas.
559 1784 751 1880 Praecipua
773 1797 894 1856 autem
919 1808 1000 1880 pars
1021 1786 1158 1858 Donati
1183 1786 1434 1860 collectaneo-

237 1938 316 1987 rum
335 1926 398 1988 aut
415 1939 438 1986 a
455 1916 641 1987 Victorum
660 1916 871 2003 Itinerariis,
895 1926 959 1988 aut
979 1919 1026 1989 ab
1042 1917 1191 1991 aliorum
1210 1919 1433 1998 collectioni·

237 2048 305 2118 bus
337 2046 509 2119 hauritur.
567 2046 705 2119 Eodem
739 2070 837 2119 anno
874 2045 1020 2138 (176⁵.)
1054 2071 1128 2144 quo
1161 2071 1266 2120 suum
1299 2050 1431 2122 librum

238 2177 350 2250 Lucre
368 2178 534 2279 Donatus
558 2177 681 2262 edidit,
705 2177 796 2249 alter
815 2178 944 2252 Roma
966 2179 1100 2272 publici
1118 2179 1214 2276 juris
1229 2181 1347 2253 factus
1364 2189 1432 2266 est,

238 2306 296 2378 cui
315 2307 439 2379 titulus
456 2313 545 2380 erat.
590 2317 615 2345 “
631 2307 676 2379 C.
697 2310 740 2380 Α.
759 2307 909 2380 Oderici
927 2308 1133 2380 Genuensis
1151 2309 1434 2381 Dissertationes

239 2444 277 2510 et
303 2437 553 2510 adnotationes
580 2438 618 2509 in
644 2438 781 2536 aliquot
804 2436 961 2510 ineditas
976 2449 1116 2512 veteres
1139 2437 1431 2534 inscriptiones.’'

237 2567 380 2643 Harum
398 2571 674 2667 inscriptionum
694 2571 808 2670 major
825 2595 907 2666 pars
926 2569 1058 2643 latina
1074 2579 1139 2655 est,
1166 2569 1290 2640 insunt
1312 2579 1433 2641 tamen

236 2726 360 2796 paucae
376 2702 527 2786 Graecae,
554 2704 617 2774 sed
635 2701 854 2774 recentiores
868 2699 951 2785 illae,
974 2723 1041 2771 nec
1059 2701 1153 2771 bene
1170 2699 1369 2794 explicatae.

304 2826 412 2915 Quod
428 2828 583 2899 viatores
599 2828 742 2911 attinet,
760 2849 886 2898 omues
904 2826 1023 2898 sciunt
1041 2827 1234 2924 Cyriacum
1251 2829 1435 2924 quendam

237 2980 282 3028 ex
315 2956 470 3025 Ancona
510 2955 585 3043 (cui
619 2954 840 3053 gentilitium
872 2977 1004 3029 nomen
1034 2965 1114 3027 erat
1144 2954 1345 3041 Pizzicolli,
1378 2957 1436 3029 vel

235 3082 462 3177 Picenicolli)
485 3082 641 3177 primum
668 3083 833 3179 (ineunte
857 3108 907 3156 sc.
933 3086 1056 3157 seculo
1077 3110 1143 3169 xv,
1170 3086 1317 3159 circiter
1340 3112 1430 3161 ann.

241 3212 367 3307 1430.)
395 3237 462 3309 per
480 3212 659 3285 Graeciam
683 3213 753 3285 iter
774 3213 969 3286 facientem
995 3214 1153 3285 animum
1170 3214 1368 3289 attendisse
1386 3218 1435 3290 ad

236 3354 376 3417 veteres
393 3344 514 3414 titulos
531 3342 795 3419 exscribendos.
849 3343 1001 3415 Nullum
1020 3353 1143 3416 tamen
1156 3343 1287 3417 librum
1306 3346 1433 3433 edidit,

237 3484 274 3543 ct
289 3471 425 3542 infelici
451 3473 605 3566 quodam
624 3494 708 3543 casu
729 3470 952 3560 collectanea
976 3472 1056 3569 ejus
1077 3471 1240 3567 dispersa
1266 3485 1371 3553 erant
1397 3484 1436 3547 et

238 3628 371 3703 magua
394 3628 440 3675 ex
458 3615 560 3698 parte
578 3604 729 3699 perdita.
780 3601 970 3675 Nonnulla
989 3609 1109 3674 tamen
1128 3603 1250 3677 seculo
1266 3604 1435 3699 proximo

237 3729 372 3830 publici
392 3731 487 3827 juris
513 3731 729 3804 factasunt.
783 3729 977 3802 Moronius
993 3728 1129 3802 scilicet
1145 3732 1435 3806 Commentario·

238 3890 317 3939 rum
344 3862 489 3961 Cyriaci
517 3864 609 3935 linc.
637 3862 854 3957 Specimen;
883 3861 1326 3935 OliveriusCommentar.
1346 3865 1435 3961 Cyr.

238 3998 380 4069 Ancon.
413 3990 522 4065 Nova
555 3992 759 4091 fragmenta
794 3990 949 4093 (Pisaur.
986 3988 1107 4083 1762.)
1145 4002 1183 4062 et
1216 3992 1435 4066 laurentius

240 4124 375 4199 Mebus
392 4123 537 4220 Cyriaci
558 4122 789 4195 ltinerurium
810 4120 925 4215 (Flor.
946 4119 1075 4208 1742.)
1100 4122 1257 4193 edidere.
1302 4121 1435 4193 Postea

280 4318 351 4373 ¹lta
375 4317 410 4373 de
436 4317 490 4372 hac
518 4313 656 4372 Bimardii
688 4312 816 4385 Epistola
865 4310 977 4382 nollem,
998 4312 1101 4370 nollem
1119 4314 1222 4389 publici
1238 4314 1310 4390 juris
1322 4316 1359 4371 ab
1372 4313 1435 4371 aliis

240 4412 341 4471 merito
356 4410 486 4467 Malleius
498 4410 574 4467 Mus.
585 4408 689 4464 Veron.
704 4425 732 4480 p.
743 4413 813 4466 410.
864 4402 996 4462 factam.”

241 4514 260 4542 ‘⁸
276 4507 348 4565 Eam
379 4505 414 4561 ab
444 4503 549 4561 erudito
574 4502 633 4559 viro
667 4508 813 4559 exaratam
