3250 5350
844 450 913 526 168
1262 465 1412 548 [Cnsss.
1433 465 1496 530 ΙΙΙ.

307 639 471 740 singulis,
508 661 588 736 -qua
621 637 831 725 effecerunt,
864 649 906 709 ut
944 637 1082 710 nullum
1121 637 1160 712 in
1189 640 1279 712 orbe
1321 652 1497 716 terrarum

308 769 498 848 edificium
537 769 643 867 hujus
683 767 851 855 nitorem,
893 767 1123 866 elegantiam,
1170 770 1363 868 operisque
1408 797 1499 867 pree

305 906 411 1000 cipue
428 900 557 997 sculpti
579 900 815 974 subtilitatem
835 911 992 997 superet.
1045 899 1128 998 Ego
1150 901 1236 972 dum
1253 902 1333 974 hec
1352 900 1500 1002 singula

303 1055 513 1133 persequor,
552 1030 590 1102 in
622 1055 666 1105 ee
699 1029 923 1126 potissimum
957 1031 1129 1103 versabor
1167 1032 1403 1131 cogitatione,
1450 1046 1497 1120 ut,

305 1168 392 1267 quid
440 1165 476 1238 in
515 1188 653 1262 genere
690 1163 817 1236 lonico
857 1161 989 1236 Atticis
1021 1162 1205 1259 placuerit,
1239 1166 1325 1262 qnid
1366 1167 1498 1254 minus,

305 1294 429 1370 sedulo
477 1303 766 1366 commonstrem.
823 1291 921 1366 Nam
958 1293 1135 1388 permulta
1171 1294 1218 1366 ab
1259 1294 1305 1366 iis
1344 1307 1499 1392 apparet

304 1395 424 1523 noque
449 1435 587 1500 temere
615 1435 747 1498 mutata
766 1425 964 1498 etssrnta
985 1447 1086 1497 esse:
1114 1449 1324 1522 quanquam
1341 1426 1495 1500 Romam

304 1573 341 1636 et
366 1561 450 1633 inde
475 1561 521 1631 ad
544 1570 684 1632 nostros
704 1558 920 1632 architectos
943 1581 989 1632 ea
1009 1557 1125 1656 magis
1151 1558 1279 1656 regule
1306 1569 1350 1644 et,
1370 1583 1498 1632 norma

303 1697 453 1770 devecta
478 1703 544 1779 est,
572 1717 653 1788 quae
678 1693 774 1787 apud
800 1693 952 1766 Graecos
977 1693 1130 1766 Asianos
1155 1693 1404 1768 obtinuerat.”

376 1827 577 1900 “lonicum
594 1825 849 1900 architecturae
873 1851 992 1926 genus
1007 1851 1088 1900 cum
1109 1852 1131 1899 a
1150 1827 1288 1902 Dorico
1305 1840 1495 1928 tantopere

299 1958 422 2041 distet,
450 1966 491 2028 ut
511 1979 558 2028 er
581 1957 706 2030 eadem
731 1957 873 2055 origine
891 1970 1085 2057 utrumque
1107 1959 1321 2055 provenisse
1354 1985 1495 2060 negan-

303 2090 391 2161 dum
423 2087 480 2175 sit,
524 2087 675 2162 Ionibus
714 2092 858 2164 nonnisi
891 2093 1103 2188 populorum
1140 2093 1241 2165 Asiae
1276 2097 1495 2168 commercio

302 2218 470 2292 traditum
523 2243 601 2292 esse
649 2230 777 2314 potest,
824 2244 846 2291 a
897 2221 1031 2318 quibus
1082 2243 1144 2294 eos
1191 2220 1275 2293 item
1321 2222 1493 2294 vestitum

302 2368 339 2430 et
383 2355 516 2430 victum
562 2367 672 2450 atque
718 2379 862 2430 omnem
908 2357 987 2430 lere
1034 2357 1193 2454 corporis
1231 2354 1364 2428 cultum
1411 2381 1496 2431 mu·
1592 2386 1593 2389 ¹

301 2497 421 2562 tuatus
481 2512 561 2561 esse
620 2496 771 2560 constat.
850 2487 1048 2588 lusigniter
1102 2489 1265 2585 prolecto
1316 2489 1495 2564 erclritec·

300 2628 395 2703 tura,
432 2640 505 2714 qun
542 2639 649 2711 reges
690 2615 896 2688 Persarum
931 2617 1085 2689 maxime
1122 2616 1161 2689 in
1196 2617 1372 2713 sepulcris
1405 2641 1495 2714 rupe

301 2742 432 2815 excisis
461 2742 516 2813 usi
548 2751 643 2825 sunt,
669 2739 707 2810 in
736 2742 843 2813 rebus
870 2743 1169 2835 permultis-cum
1199 2743 1341 2817 ratione
1371 2745 1494 2819 Ionica

301 2868 502 2971 congruit¹.
569 2872 693 2965 Atque
731 2874 1044 2966 persuasissimum
1084 2880 1171 2951 milri
1210 2879 1339 2964 habeo,
1384 2880 1495 2953 multa

301 3004 384 3079 olim
410 3002 542 3079 edium
575 3016 788 3076 ornamenta
818 3008 914 3101 apud
945 3008 1068 3103 plures
1099 3010 1253 3106 populos
1288 3008 1388 3083 Asiae
1425 3010 1495 3083 fre·

303 3144 478 3234 quentata
517 3133 645 3225 fuisse„
682 3158 784 3233 quae¹
806 3163 916 3228 nunc,
955 3164 1037 3213 cum
1075 3154 1196 3215 cetera
1231 3142 1493 3229 interciderint,

299 3275 337 3346 in
378 3272 534 3347 Per'sicis
577 3284 716 3346 tantum
766 3284 803 3349 et
840 3275 974 3350 Ionicis
1026 3281 1269 3353 monumentis
1317 3304 1492 3354 consensu

300 3407 450 3481 mirabili
500 3415 636 3480 extant.
676 3404 958 3481 ‘Monumentis
1013 3410 1080 3483 illis
1123 3436 1251 3509 regum
1300 3411 1491 3485 Persarum
1581 3484 1586 3489 .

299 3540 478 3615 simillima
524 3551 608 3612 sunt
662 3540 842 3635 sepulcra,
895 3565 978 3636 quae
1026 3542 1259 3640 satraparum
1306 3546 1525 3620 verissime·

298 3672 490 3759 habentur,
545 3668 768 3745 Telmissia:
830 3671 898 3743 uisi
948 3675 1045 3770 quod
1092 3674 1268 3747 artificem
1319 3676 1488 3750 Graecum

296 3806 460 3877 normam
507 3803 691 3877 Persicam
731 3804 933 3877 imitantem
971 3807 1128 3903 prodere
1164 3808 1366 3881 videntum.
1421 3809 1489 3884 Sed

336 4020 431 4079 ¹Hoc
463 4028 572 4095 spectet
605 4020 641 4077 ed
675 4018 802 4094 sepulcra
835 4020 865 4077 in
910 4022 1035 4097 pestium
1054 4024 1198 4099 appellare
1217 4026 1305 4084 nostri
1325 4027 1427 4087 solent.

294 4126 390 4177 monte
411 4115 558 4173 Rachmed
579 4117 651 4191 apud
674 4113 867 4173 Tscbilmiuar
955 4120 969 4153 ²
989 4123 1048 4198 Ap.
1067 4120 1203 4180 Choiseul
1222 4122 1316 4180 Gouff.
1331 4123 1410 4201 Voy.
1430 4124 1489 4200 pits

294 4218 324 4267 et
338 4210 592 4270 Naeshi-Rustam.
624 4212 663 4269 V.
677 4211 760 4269 modo
774 4210 866 4268 Char·
915 4214 951 4273 T.
963 4214 988 4274 l.
1010 4234 1040 4290 p.
1056 4222 1124 4275 118.
1146 4216 1185 4293 pl.
1199 4214 1249 4283 67.
1263 4234 1305 4292 sq.
1336 4217 1386 4294 (cf.
1402 4218 1488 4277 Ham

295 4308 352 4365 din.
380 4309 475 4369 itiner.
510 4310 549 4368 tb.
575 4306 626 4375 67.
683 4308 727 4367 De
761 4308 865 4367 Bruins
918 4329 990 4369 mer.
1024 4310 1148 4389 Topogr.
1180 4311 1349 4371 Ausichten.
1383 4334 1414 4390 p.
1443 4320 1489 4383 91.

296 4402 400 4462 Reizen
430 4406 469 4465 tb.
498 4410 555 4465 15s
583 4425 626 4484 sq.
688 4404 868 4481 Conspicitur
919 4406 1029 4465 Heeren
1057 4406 1152 4467 Ideen.
1178 4408 1198 4467 i.
1219 4408 1245 4469 1.
1267 4406 1393 4485 psus.)
1436 4409 1489 4467 lm·

295 4504 391 4557 autem
413 4514 469 4555 uon
496 4508 605 4561 tanturn
632 4498 789 4575 epistylium
816 4500 869 4557 tri·
918 4504 1040 4578 positum
1052 4511 1096 4562 est
1108 4503 1252 4580 fastigium
1266 4503 1416 4577 Gratum,
1442 4503 1487 4563 sed

283 4593 375 4671 fidum
402 4601 430 4653 et
463 4592 658 4655 denticulorum
694 4598 780 4658 sectio
815 4598 866 4657 sed
917 4599 1050 4659 denticuli
1063 4600 1354 4677 magisadPersicum
1362 4601 1487 4669 modum,

294 4689 379 4751 etism
403 4708 438 4749 ea
458 4690 609 4765 sculptura,
630 4709 716 4766 quam
738 4712 790 4752 osu
812 4714 869 4752 ser·
917 4713 1003 4771 quam
1016 4694 1143 4755 Ionicum
1156 4692 1311 4756 sedeunt.
1345 4695 1485 4771 Zophorus
