3250 5350
569 495 808 546 srrsuorx.
1223 481 1293 556 ³71

160 651 293 735 positum
308 650 367 716 fuit
388 649 643 726 Atheniensibus,
668 649 723 736 qui
743 665 832 735 parts
850 647 976 716 victoris
992 649 1032 712 sd
1049 645 1221 719 Potidsssrn
1239 671 1295 713 ce·

158 748 302 814 ciderunt.

39 825 44 838 ,
217 847 367 925 Potidaea,
392 870 412 910 a
432 843 601 910 Corinthiis
622 844 653 909 in
676 843 816 908 litoribus
843 843 1042 909 Msoedonioe
1064 845 1203 921 fundate,
1219 865 1292 908 cum

157 943 281 1029 reliquis
300 947 369 1032 ejus
387 956 502 1009 trsctus
524 943 655 1008 coloniis
676 942 917 1008 Atheniensibus
940 943 1058 1007 tributo
1079 941 1229 1004 obstrictu
1246 953 1292 1004 te·

157 1045 296 1121 uebatur,
323 1055 355 1105 et
376 1041 475 1126 prims
501 1065 520 1106 e
547 1039 638 1106 sociis
666 1062 739 1104 cum
762 1040 938 1120 defecisset,
966 1040 1087 1123 signum
1111 1038 1197 1102 dedit
1224 1037 1297 1102 belii

156 1135 238 1202 iliius
257 1139 492 1224 Peloponnesii,
519 1161 582 1224 qua
602 1150 669 1203 tots
686 1135 813 1202 Grecis
829 1137 1037 1220 conflagravit.
1088 1135 1293 1200 Athenienses

155 1235 248 1310 enim,
280 1251 446 1322 postquam
482 1237 661 1300 audiverant
691 1233 923 1300 Corinthiorum
952 1237 1015 1298 duo
1048 1233 1145 1298 miliia
1177 1233 1291 1298 auxilio

156 1331 337 1399 Potidaeatis
361 1335 468 1413 misse,
492 1333 552 1418 ipsi
577 1355 705 1418 quoque
726 1333 837 1418 copies
858 1344 1022 1410 suxerunt,
1048 1330 1161 1416 quibus
1179 1331 1291 1394 Mece-

154 1431 256 1496 donioe
272 1431 409 1496 motibus
427 1431 635 1514 invigilabant
686 1431 762 1502 Quo
780 1433 865 1494 facto
882 1429 1011 1505 Csiiiss,
1036 1441 1148 1511 pretor
1172 1451 1290 1503 eorum,

154 1529 325 1592 exercitum
349 1527 465 1592 infesto
482 1528 605 1611 agmine
624 1543 730 1591 contre
741 1529 884 1613 junctam
900 1525 1134 1590 Corinthiorum
1152 1539 1183 1588 et
1202 1524 1292 1589 Poti·
1415 1527 1420 1534 '

152 1625 321 1689 doeutsrum
344 1647 469 1688 manum
498 1628 558 1689 sub
586 1625 688 1708 ipsam
723 1627 831 1688 urbem
860 1622 996 1688 adduxit.
1042 1621 1216 1708 Sequutum
1244 1635 1292 1685 est

155 1723 312 1807 proelium,
336 1726 420 1807 quod
437 1721 602 1807 descripsit
619 1721 779 1786 Diodorus
805 1721 872 1785 Sic.
887 1742 955 1786 xri.
981 1742 1011 1783 c.
1030 1727 1083 1784 34.
1101 1722 1291 1802 multoyero

153 1820 327 1883 accuratius
341 1819 542 1902 Thucydides
561 1841 585 1884 1.
602 1823 658 1886 62.
681 1832 714 1882 et
730 1823 786 1885 68.
833 1819 866 1882 in
885 1843 924 1882 eo
942 1816 1159 1896 Athenienses,
1180 1839 1290 1902 quum·

148 1916 194 1980 vis
212 1916 332 2000 impetn
350 1917 487 1998 hostium
505 1916 615 2000 pressi,
632 1917 690 1980 hos
708 1920 780 2002 fuga
797 1917 876 1981 inter
893 1915 979 1981 urbis
1000 1915 1190 1980 munimenta
1206 1938 1292 1981 com·

151 2017 275 2096 pellunt
298 2029 329 2077 et
351 2014 480 2077 victoris
498 2013 589 2098 potiti
606 2027 759 2096 tropeum
782 2015 987 2078 constituunt.
1031 2013 1110 2078 Huc
1130 2037 1244 2098 pugna,
1263 2013 1290 2076 si

150 2131 317 2174 numerum
335 2111 508 2181 hominum,
535 2109 588 2194 qui
608 2112 836 2183 occubuerunt,
863 2123 1001 2194 spectes,
1024 2109 1150 2172 minoris
1167 2111 1293 2194 quidem

152 2207 306 2272 momenti
322 2220 383 2271 est.
434 2205 671 2270 Atheniensium
688 2205 770 2270 enim
789 2220 914 2270 centum
937 2219 969 2269 ct
983 2205 1205 2291 quinquaginta
1220 2227 1294 2277 cum

151 2305 224 2389 ipso
241 2309 323 2369 duce
338 2303 444 2368 cattis
464 2307 684 2392 occubuerant,
712 2305 846 2367 hostium
865 2327 939 2368 sero
962 2302 1099 2366 trecenti.
1151 2301 1224 2366 Fuit
1245 2314 1291 2366 ts.-

152 2425 226 2466 men
253 2400 304 2465 illa
333 2402 472 2486 inprimis
498 2398 665 2480 celebrato,
691 2415 858 2485 propterea
881 2403 966 2486 quod
992 2401 1146 2485 utrimque
1172 2400 1292 2484 magnis

151 2498 265 2562 animis
290 2500 464 2584 pugnatum
482 2511 540 2577 est,
568 2509 601 2562 et
627 2499 831 2562 Athenienses
859 2502 942 2562 bono
968 2497 1097 2580 augurio
1121 2500 1179 2560 sub
1195 2496 1295 2580 ipsius

154 2597 231 2660 belii
247 2595 367 2660 initium
385 2597 514 2661 victores
531 2595 684 2676 exstitere,
701 2598 863 2659 undeenrn
879 2617 1017 2687 pugnam
1040 2594 1188 2658 illustrem
1212 2593 1294 2658 Dio·

150 2696 249 2758 dorus
266 2694 343 2758 dixit
356 2696 379 2756 1.
399 2717 425 2760 1.
441 2718 470 2760 c.
489 2702 543 2765 37.
593 2689 749 2771 Ἀθηναῖοι
764 2682 799 2756 dd
813 2696 891 2781 περί
908 2682 1087 2757 Ποτίδαιαν
1103 2686 1294 2769 νενικηκότος

150 2790 334 2880 περιφανεῖ
347 2786 451 2885 μάχῃ.
506 2792 577 2854 Nec
594 2790 662 2855 iere
682 2795 750 2879 ejus
773 2791 931 2857 memoriae
955 2802 1147 2855 momentum
1171 2789 1293 2868 adtulit,

150 2892 242 2974 quod
264 2888 342 2953 inter
359 2888 564 2953 Athenienses
584 2902 651 2953 tum
679 2891 825 2956 Socrates
851 2887 1017 2952 fortissime
1035 2910 1189 2973 pugnasse
1204 2886 1294 2975 judi·

151 2988 244 3051 catus
261 2987 401 3051 oblatum
418 2989 514 3052 decus
530 2980 698 3075 ἀριστείας
714 2988 773 3051 sibi
788 2989 871 3051 hnud
888 2985 1062 3065 vindicavit,
1083 2989 1138 3050 sed
1156 2985 1187 3049 in
1205 2986 1293 3049 Alci·

150 3084 278 3149 hisdem
310 3108 328 3147 s
356 3108 389 3147 se
417 3084 552 3149 hostium
579 3086 721 3149 menibus
758 3098 900 3167 ereptum
935 3084 1055 3148 detulit.
1107 3083 1161 3147 Cf.
1193 3082 1291 3167 Diog.

151 3180 261 3245 Laert.
282 3203 320 3242 rr.
339 3205 411 3264 cap.
432 3204 464 3242 v.
482 3180 513 3262 §.
531 3190 563 3249 7.
581 3181 686 3265 ibique
704 3183 839 3263 interpp.

228 3276 377 3341 Ceterum
395 3278 452 3339 hnc
470 3277 597 3339 victoria
614 3275 704 3358 potiti
721 3291 840 3358 psrtem
862 3277 1014 3340 exercitus
1032 3274 1237 3340 Athenienses
1254 3281 1292 3341 ad

150 3378 263 3438 urbem
277 3372 462 3457 relinquunt,
474 3395 606 3456 eamque
616 3371 778 3435 obsidione
792 3372 931 3457 cingunt.
972 3372 1044 3437 Jsm
1059 3396 1169 3457 magun
1184 3373 1294 3438 utrim-

149 3496 215 3557 que
228 3470 397 3549 contentio,
412 3472 513 3532 donec
533 3468 711 3533 Potidnutae
729 3472 810 3533 sume
826 3470 1028 3556 hostibusque
1046 3471 1144 3554 pressi
1163 3470 1292 3557 Olymp.

149 3578 208 3638 87.
232 3560 313 3630 anno
330 3576 362 3631 4.
386 3570 468 3630 facta
485 3566 641 3631 deditione
657 3567 786 3651 putrium
809 3574 881 3630 cum
900 3569 1046 3632 uxoribus
1065 3581 1097 3632 et
1115 3568 1220 3633 liberis
1243 3594 1293 3634 re·

146 3667 307 3751 linquunt,
336 3688 467 3749 eamque
496 3663 739 3727 Atheniensibus
766 3664 964 3727 habitandum
991 3666 1126 3749 tradunt.
1178 3666 1246 3749 Ipsi
1275 3692 1293 3730 a

145 3762 410 3827 Chalcidensibus
433 3764 462 3824 in
491 3762 671 3825 societatem
699 3760 783 3824 urbis
808 3762 1011 3847 recipiuntur,
1037 3762 1171 3826 Athenis
1192 3778 1296 3827 autem

150 3860 241 3925 missi
254 3860 338 3923 mille
351 3860 464 3933 coloni,
482 3859 535 3943 qui
550 3858 719 3922 Potidaeam
734 3872 884 3933 tenerent,
900 3859 1045 3943 Thucyd.
1059 3882 1100 3923 11.
1114 3869 1165 3929 70.
1190 3858 1291 3923 Diod.

150 3958 222 4023 Sic.
241 3978 311 4021 ιιι.
329 3979 358 4020 c.
374 3960 428 4020 46.
447 3981 479 4040 p.
491 3965 568 4029 509.
594 3956 697 4020 Wess.
718 3959 798 4019 unde
812 3980 829 4018 a
844 3956 1128 4023 Pseudouristotele
1143 3958 1174 4021 iu
1186 3956 1292 4021 OEco·

144 4056 283 4120 rromicis
300 4051 330 4136 §.
344 4062 376 4116 5.
400 4046 559 4129 Ἀθηναῖοι
584 4051 614 4118 oi
635 4047 670 4115 ἐν
692 4044 855 4138 Ποτιδαίᾳ
871 4052 1029 4123 οἰκοῦντες
1045 4078 1292 4119 commemoren-

149 4168 214 4217 tur.
268 4151 347 4214 Mos
372 4164 475 4213 autem
498 4163 563 4213 erat
588 4151 834 4229 Atheniensium,
857 4150 969 4215 civium
994 4153 1025 4215 in
1049 4152 1133 4217 bello
1159 4156 1292 4217 defunc-

142 4265 251 4315 torum
268 4271 339 4312 ossa
355 4247 456 4331 legere
471 4261 503 4310 et
519 4248 551 4310 in
571 4248 701 4330 patriam
717 4252 893 4332 deportare,
920 4264 954 4313 ut
975 4273 1011 4313 es
1035 4250 1160 4333 publice
1184 4249 1291 4333 sepul·

148 4366 223 4412 tura
250 4368 323 4408 cum
345 4348 464 4409 honore
494 4346 681 4418 conderent;
706 4344 800 4431 idque
829 4368 887 4409 nec
917 4348 947 4409 in
973 4346 1032 4423 his,
1059 4347 1112 4431 qui
1137 4350 1176 4411 sd
1202 4347 1290 4411 Poti-

103 4508 116 4521 ,
148 4448 253 4508 deam
279 4444 466 4523 oeciderunt,
494 4445 671 4527 neglectum
694 4456 752 4507 est.
805 4442 890 4507 Nam
909 4444 1110 4527 Thucydides
1128 4466 1170 4509 ιι.
1188 4468 1221 4529 p.
1237 4452 1290 4509 34.

149 4553 316 4615 memorat,
348 4543 459 4623 hyeme
481 4541 580 4625 prims
604 4540 685 4606 iilius
712 4539 784 4605 belli
799 4541 1006 4606 Athenienses
1029 4542 1128 4626 patrio
1155 4543 1293 4609 instituto
