3250 5350
474 1411 1042 1497 PROLEGOMENA.

697 1811 843 1850 η*-

242 2129 459 2213 Nouuuuuu
489 2151 585 2227 sunt,
623 2141 664 2212 L.
685 2141 728 2212 B.
759 2160 842 2234 quae
860 2139 905 2209 de
927 2133 1093 2207 instituto
1117 2157 1198 2206 meo
1219 2134 1366 2230 praelari

165 2265 286 2350 velim,
318 2277 359 2337 ut
386 2269 478 2338 ratio
509 2267 628 2362 operis
658 2266 842 2351 reddatur,
877 2260 1131 2360 intelligarque
1162 2259 1250 2357 quid
1282 2261 1369 2332 mihi

166 2397 399 2470 efficiendum
428 2397 688 2494 proposuerim.
738 2395 959 2490 Quicunque
984 2395 1031 2465 ad
1057 2396 1297 2470 vetustiorum
1326 2394 1370 2465 li-

165 2537 328 2598 terarum
349 2527 563 2598 Graecarum
588 2527 744 2598 studium
770 2548 849 2596 ecee
871 2524 1110 2611 accinxerint,
1140 2524 1372 2620 quantulum-

166 2680 318 2753 cunque
353 2656 444 2729 lucis
479 2657 553 2729 suia
587 2655 771 2729 laboribus
813 2653 1000 2727 Marmora
1040 2653 1241 2744 effundent,
1282 2655 1372 2729 illud

166 2812 279 2859 omne
316 2811 454 2859 summa
491 2788 680 2886 diligentia
717 2788 890 2859 hauriunt
923 2796 1035 2882 atque
1074 2789 1368 2884 amplectuntur3

168 2916 270 3009 quod
300 2916 444 3010 quidem
474 2916 595 2987 effecit
622 2916 723 2988 utin
754 2918 807 2987 hia
831 2918 985 2991 Athenis
1012 2920 1184 2993 ornandis
1208 2922 1310 2994 multi
1335 2932 1374 2996 et

167 3046 218 3117 illi
244 3046 390 3141 quidem
413 3046 499 3119 satis
521 3048 616 3118 docti
647 3046 877 3133 elaborirint,
907 3073 1061 3145 quorum
1089 3060 1209 3125 tamen
1233 3053 1374 3127 elabo-

168 3178 272 3248 ribua
317 3178 362 3268 (ai
399 3200 511 3249 unum
552 3200 632 3249 cum
667 3176 780 3248 altero
819 3176 941 3249 forsan
984 3178 1159 3273 excipias)
1204 3180 1374 3253 minimus

167 3317 272 3377 certe
298 3304 449 3393 fructus,
484 3318 522 3378 et
547 3305 607 3377 ille
635 3305 780 3401 quidem
810 3306 954 3378 nonnisi
985 3331 1125 3379 summo
1156 3308 1283 3383 labore
1310 3314 1374 3385 ad·

168 3436 300 3520 hibito,
344 3436 464 3533 colligi
496 3446 625 3531 potest.
678 3434 810 3507 Omnia
844 3435 940 3506 enim
975 3436 1135 3507 omnium
1172 3448 1372 3534 temporum

169 3580 409 3642 monumenta
441 3589 660 3665 congessere
693 3579 803 3660 atque
827 3566 864 3637 in
895 3590 1006 3639 unum
1036 3570 1241 3666 conjecere‚
1275 3578 1374 3648 unde

167 3697 259 3794 quid
300 3720 365 3768 sua
408 3694 544 3767 referat
585 3694 743 3765 Critieus
788 3694 847 3766 vix
889 3718 1028 3767 summo
1073 3696 1196 3771 labore
1245 3726 1373 3779 eruere

167 3839 293 3925 potest
312 3838 424 3923 atque
451 3826 638 3897 extricare.
690 3823 783 3914 Quae
811 3824 956 3920 quidem
988 3828 1035 3898 ad
1066 3851 1142 3899 rem
1179 3826 1374 3933 Philologi·

168 3984 251 4031 carn
288 3981 416 4031 revera
450 3953 598 4037 iaciunt,
635 3976 751 4048 pauca
788 3967 883 4042 suut,
919 3957 1066 4029 nimium
1096 3983 1225 4053 pauca,
1260 3974 1308 4054 et,
1337 3966 1374 4039 id

167 4090 272 4186 quod
298 4088 384 4159 satis
411 4096 523 4180 patet,
547 4108 592 4155 ex
620 4083 692 4153 ima
714 4094 892 4155 vetustate
922 4086 1098 4181 repetite3
1144 4112 1227 4184 quae
1252 4109 1373 4167 autem

168 4217 227 4288 uui
273 4211 427 4309 vestigia
474 4220 632 4283 vetustae
683 4209 806 4297 (modo
850 4210 900 4281 ita
941 4210 1041 4309 loqui
1085 4212 1207 4307 liceat)
1247 4218 1375 4315 junior

170 4346 333 4444 reliquit,
385 4366 430 4415 ea
475 4341 626 4439 plurima
676 4350 771 4427 aunt,
822 4364 870 4414 ne
917 4341 1058 4415 infinita
1104 4345 1233 4420 dicam.
1310 4350 1372 4421 An

170 4506 262 4555 vere
290 4478 455 4565 dixerim,
489 4475 630 4549 illorum
660 4474 707 4547 sit
726 4473 907 4571 judicium
937 4478 999 4571 qui
1030 4476 1189 4554 Graeciae
1213 4483 1372 4576 antiqua·

758 4628 780 4674 a
