3250 5350
135 512 264 580 Isscu.
289 510 402 592 v111.]
706 507 774 594 165

133 699 176 764 et
221 699 351 764 statum
398 713 521 764 earum
571 689 753 790 integrum
800 701 840 764 et
884 690 1033 765 illaesum
1083 693 1325 772 observarent.

133 819 294 896 Fructus
318 847 441 896 esrum
470 847 542 898 non
573 825 620 895 ad
647 847 885 920 possessorem
914 824 1041 920 proedii
1067 799 1325 921 pertinebunt}

131 953 199 1024 sed
217 953 425 1051 reipublice
443 955 590 1030 nominc
614 955 839 1044 locabuntur,
865 979 910 1028 eu
932 956 1088 1054 quidem,
1115 967 1155 1030 ut
1171 960 1325 1049 ridetur,

130 1086 232 1184 lege,
257 1098 300 1159 ut
330 1086 392 1183 qui
427 1087 654 1160 redemerunt
665 1084 687 1175 ¹,
721 1085 841 1158 oleum
875 1086 1146 1182 suppeditarent
1177 1091 1327 1183 proemio

133 1241 347 1292 concessum
385 1217 581 1292 victoribus
618 1215 934 1291 Panathenaicis&
986 1218 1030 1290 ld
1062 1219 1092 1289 si
1130 1224 1328 1317 exceperis,

133 1349 255 1421 oleum
296 1371 477 1424 sacrarum
520 1349 689 1422 arborum
730 1373 775 1422 ex
818 1349 938 1422 Attico
978 1347 1100 1422 efferri
1138 1350 1286 1425 vetitum
1299 1355 1325 1428 ⁸.

135 1481 228 1556 Nou
272 1483 369 1557 enim
408 1492 497 1580 puto
539 1492 700 1582 mercatu
744 1483 870 1557 vensle
900 1491 989 1555 erut.
1049 1483 1188 1556 Iocum
1231 1487 1327 1559 circs

133 1615 252 1688 oleum
283 1640 434 1704 sacram,
477 1616 615 1690 etiamsi
656 1617 693 1688 in
739 1639 831 1714 egro
868 1614 1008 1710 privato
1047 1625 1153 1700 esset,
1194 1637 1326 1712 purum

133 1781 215 1832 esse
243 1758 434 1855 oportebat
447 1761 474 1845 ⁴;
502 1758 689 1855 pleneque
720 1758 771 1832 its
804 1757 942 1854 positre,
970 1768 1009 1829 ut
1037 1780 1060 1828 u
1093 1757 1150 1830 viu
1178 1759 1325 1853 publice
1442 1745 1447 1750 ⁴

135 1889 451 1988 conspicerentur.
502 1892 555 1965 At
585 1915 661 1991 quo
689 1893 768 1966 hoec
795 1877 923 1964 omnia'
952 1889 1134 1964 tendunt?
1161 1891 1218 1964 [lo
1242 1917 1326 1988 pro·

135 2020 245 2108 fecto,
271 2030 312 2092 ut
332 2021 497 2119 genuino
519 2045 660 2117 semper
682 2021 840 2094 oleorum
860 2021 966 2117 stirps
987 2031 1202 2112 servaretur,
1228 2024 1326 2098 uude

136 2149 298 2224 surculos
324 2159 402 2222 tum
427 2149 640 2246 plantandos
665 2161 741 2222 tum
766 2150 976 2222 inserendos
998 2151 1187 2224 desumere
1205 2163 1328 2248 posset

133 2282 306 2382 agricole.
359 2281 459 2356 Nem
493 2307 616 2356 semen
649 2283 740 2355 olere
767 2281 958 2354 oleastrum
975 2281 1116 2381 gignit:
1145 2282 1182 2356 in
1216 2307 1324 2380 quem

134 2411 275 2484 arboris
309 2421 439 2484 notura
470 2410 643 2484 continuo
678 2409 805 2509 vergit.
858 2411 933 2482 Sed
967 2410 1022 2481 his
1062 2437 1150 2487 sune
1181 2413 1327 2514 legibus

135 2546 306 2620 effectum
341 2555 408 2631 est,
450 2555 500 2632 ut,
534 2544 631 2641 quod
666 2541 806 2616 Plinius
842 2539 941 2628 dicit,
980 2541 1169 2615 “Athene
1201 2544 1326 2618 Pena.

133 2678 346 2753 tlsenaicum
372 2702 482 2751 suum
507 2676 626 2749 oleum
646 2671 925 2769 persever-antei
948 2671 1172 2747 obtinuerint
1184 2674 1237 2748 ⁸.”

212 2810 370 2906 “Prope
409 2808 524 2881 oleum
564 2817 643 2880 emt
678 2816 817 2901 puteus
857 2830 963 2905 aqua
1002 2806 1112 2879 solsoe
1150 2806 1325 2902 (θάλασσα

132 2942 334 3041 Ἐρεχθηΐς,)
362 2964 470 3037 quum
495 2940 562 3012 sub
583 2937 706 3011 flatum
726 2940 801 3012 noti
820 2941 931 3012 surdo
948 2928 1132 3012 murmure
1149 2940 1325 3016 fluctuum

132 3080 249 3153 instar
292 3087 456 3173 strepere
500 3077 694 3149 narrabunt
740 3076 997 3150 Athenienses.
1061 3076 1147 3173 lpse
1189 3078 1327 3152 scilicet

131 3208 332 3304 Neptunus
376 3206 468 3280 hanc
504 3205 735 3304 voraginem⁶
776 3218 968 3305 aperuerat
1010 3208 1178 3295 tridente,
1221 3211 1324 3308 cujus
1369 3192 1375 3203 ’

131 3339 252 3411 adhuc
278 3335 473 3434 vestigium
506 3335 542 3408 in
574 3360 661 3409 suno
691 3337 771 3410 vivo
802 3361 1010 3434 expressum
1040 3338 1210 3411 restabat.
1265 3338 1325 3413 De

132 3470 235 3544 sonte
269 3466 367 3539 salso
402 3466 476 3539 noli
507 3468 681 3542 dubitare.
733 3468 834 3543 Nam
868 3447 1022 3541 stulius
1055 3468 1093 3541 in
1124 3494 1209 3543 arce
1243 3470 1325 3544 fons

132 3608 212 3675 erut
235 3622 343 3693 equae
369 3620 515 3687 amorre,
541 3598 604 3694 qui
629 3599 832 3672 Etesiarum
860 3593 947 3670 flatu
975 3600 1199 3689 (subortum
1225 3602 1325 3675 cuni-

130 3730 239 3823 culre)
251 3728 407 3825 impleri,
427 3740 550 3827 postca
563 3730 751 3805 considere
765 3730 914 3818 solebat,
932 3730 1134 3831 Clepsydra
1153 3734 1321 3811 dictusll’

169 3957 178 3989 ¹
200 3960 270 4037 Lys-
297 3966 364 4031 108,
385 3962 434 4019 25.
462 3960 607 4033 ἐωνημένοι
631 3962 698 4019 rods
793 3961 937 4038 ‘Lys.p.
954 3969 1022 4022 110.

130 4060 254 4137 raptoris
282 4059 340 4114 uir
370 4059 474 4136 μοριὸν
499 4058 548 4131 (cs.
577 4058 702 4117 Boeckh.
793 4056 869 4115 ⁶lb.
895 4056 983 4116 Xlll.
1007 4064 1079 4129 1,2.
1119 4057 1166 4116 Cf.
1197 4059 1232 4114 ad
1258 4057 1321 4115 haee

130 4156 234 4215 OEcon.
253 4154 317 4210 Art.
331 4152 354 4210 1.
378 4170 406 4229 p.
420 4157 503 4228 327.)
543 4154 631 4229 Igitur
647 4173 703 4211 non
753 4152 848 4210 omnia
861 4151 1022 4227 Geopouics
1036 4151 1089 4212 lX.
1105 4170 1170 4209 cum
1182 4170 1323 4211 commou-

127 4249 247 4327 peouuia
260 4249 312 4306 hos
326 4248 433 4307 tructus
445 4249 633 4320 redemerunt,
654 4250 702 4308 sed
752 4248 823 4309 tario
835 4247 943 4304 Niclss.

128 4365 243 4405 munere
259 4346 426 4421 praestando.
791 4344 863 4403 ⁶V.
890 4350 991 4416 praeter
1022 4338 1192 4399 Pausaniam
1226 4340 1322 4419 Hege-

168 4440 180 4472 ²
201 4439 368 4501 Aristoteles
381 4439 702 4518 ap.Sch01.sopn.1.1.
752 4438 824 4498 siem
839 4458 884 4514 up.
897 4438 953 4497 Str.
967 4438 1022 4495 IX.
1034 4434 1104 4504 396.
1117 4436 1145 4493 1).

164 4538 178 4572 ⁸
198 4534 264 4595 Hoc
279 4536 370 4599 innuit
393 4535 538 4597 scholium
560 4537 594 4593 ed
619 4534 699 4595 Pind.
792 4534 802 4565 ²
823 4532 903 4591 Ister.
918 4550 963 4605 up.
980 4527 1076 4588 Schol.
1092 4530 1238 4608 Aristoph.
1259 4534 1317 4589 Ar.

130 4631 171 4688 N.
186 4632 226 4691 X.
246 4630 298 4694 64.
333 4678 338 4689 .
756 4622 842 4696 1693.
862 4623 956 4700 ptis.
982 4624 1056 4683 Sieb.
1096 4627 1143 4685 De
1165 4627 1219 4685 hoc
1244 4624 1320 4684 sonte
