3250 5350
228 415 286 488 xiv
648 435 993 486 rnonuaouuus.

227 606 347 668 tamen
391 592 579 666 Eduardus
623 593 832 666 Bernardus
872 592 1003 662 dooere
1046 612 1120 661 non
1163 598 1217 660 est
1261 587 1424 673 veritus;

228 723 366 795 etiamsi
398 723 604 811 Salmasius,
643 748 716 819 quo
750 725 787 794 in
820 724 888 795 hac
922 745 961 792 re
996 744 1102 791 nemo
1138 715 1278 802 meiius,
1315 716 1425 789 Attici

228 853 374 924 nomine
398 852 605 947 primaevum
629 853 862 947 alphabetum
879 875 956 924 nui.
983 850 1182 931 literarum,
1203 844 1322 917 louici
1340 867 1426 919 vero

227 981 443 1075 completum
469 982 632 1079 intelligi,
661 981 835 1076 praeaiare
854 982 934 1078 jam
956 977 1211 1050 ostendisset.’'
1384 957 1388 964 ¹

302 1109 386 1184 Nec
427 1113 530 1186 aliter
571 1113 632 1208 qui
677 1111 783 1182 hodie
827 1109 968 1182 Graecis
1010 1107 1129 1181 literis
1167 1100 1426 1178 uetustioribus

227 1267 365 1318 summo
406 1267 488 1316 cum
526 1243 646 1318 fructu
690 1241 840 1313 inservit
882 1239 1064 1310 Ricardus
1100 1235 1227 1330 Payne
1261 1228 1424 1329 Knight.¹

226 1381 251 1410 “
267 1373 375 1445 Unde
408 1373 521 1448 literae
550 1372 695 1446 Graecae
731 1370 909 1468 originem
946 1366 1129 1451 duxerint,
1168 1375 1306 1458 etqua
1336 1372 1427 1433 tem·

226 1529 314 1600 pore
341 1503 528 1601 signorum
557 1527 746 1578 numerum
774 1493 921 1596 plenum
953 1497 1174 1592 acceperint,
1206 1493 1244 1566 iu
1270 1495 1426 1569 obscuro

225 1645 301 1708 est:
330 1634 451 1706 omnia
478 1632 573 1706 enim
598 1657 680 1730 quoe
705 1631 838 1706 traditu
865 1643 950 1702 suut
972 1630 1018 1699 de
1038 1627 1186 1707 Cadmo,
1215 1624 1424 1710 Palamede,

225 1763 293 1835 uc.
319 1763 459 1835 lubrica
478 1764 669 1834 admodum
699 1773 735 1838 et
752 1761 891 1832 incerta
914 1767 1011 1830 sunt.
1065 1757 1124 1830 De
1147 1757 1301 1842 Cadmo,
1325 1755 1425 1833 Leu-

225 1893 375 1974 cotheae,
409 1916 491 1987 quae
526 1903 611 1964 nata
645 1891 801 1966 mortalis
836 1893 904 1963 dea
936 1887 1044 1960 maris
1078 1887 1174 1959 facta
1208 1897 1276 1973 est,
1307 1898 1423 1982 patre,

226 2022 436 2095 memoravit
461 2023 634 2118 Odysseae
659 2032 805 2107 auctor3
835 2021 884 2092 ita
902 2030 1022 2090 tamen
1051 2029 1091 2089 ut
1114 2017 1247 2090 nuliam
1271 2019 1318 2092 de
1344 2019 1424 2115 ejus

222 2152 340 2247 patria
369 2153 427 2226 uel
457 2151 567 2246 stirpe
603 2151 763 2227 notitiam
798 2149 998 2246 reliquerit.
1053 2149 1205 2220 Cadmei
1240 2149 1296 2219 isti
1328 2150 1422 2224 ceie-

116 2295 125 2305 '
224 2279 381 2368 berrimi,
416 2281 479 2377 qui
507 2281 659 2356 Thebas
685 2281 722 2354 in
750 2281 897 2353 Boeotia
928 2281 984 2352 vel
1011 2279 1248 2352 condiderant
1275 2280 1332 2353 uel
1361 2306 1423 2354 oc-

223 2423 456 2508 cupaverant,
492 2435 515 2484 a
554 2423 662 2507 poeta
697 2411 904 2507 antiquiore
947 2412 1132 2483 memorati
1174 2421 1281 2498 suut3
1324 2413 1425 2485 nulia

223 2549 344 2615 tamen
369 2543 553 2616 mentione
576 2543 674 2614 facta
697 2541 754 2620 vel
773 2541 895 2636 stirpis
919 2540 974 2612 vel
1000 2539 1161 2636 regionis
1184 2563 1255 2635 qua
1277 2540 1423 2614 oriundi

223 2685 354 2745 essent.
407 2673 440 2743 Α
462 2671 601 2743 Danais
624 2682 746 2745 autem
770 2671 829 2745 vel
847 2671 992 2743 Achaeis
1015 2695 1160 2765 prorsus
1180 2669 1289 2744 aiieni
1310 2673 1424 2745 fuisse

223 2803 415 2875 videntur:
454 2802 518 2873 sed
551 2826 574 2873 a
607 2802 748 2874 ratione
779 2826 900 2875 rerum
931 2813 968 2872 et
1000 2801 1160 2874 moribus
1190 2800 1283 2876 illius
1309 2801 1450 2873 secuti·

223 2932 330 3029 plane
358 2934 541 3017 abhorret,
571 2932 778 3021 Phoenices,
810 2934 1027 3008 maritimum
1052 2957 1184 3031 genus,
1215 2935 1337 3011 sedem
1361 2957 1421 3009 oc·

223 3085 374 3157 cupasse
396 3070 460 3134 aut
480 3061 658 3135 coloniam
683 3064 913 3137 constituisse
935 3074 1006 3137 tam
1031 3061 1155 3157 procui
1177 3063 1306 3135 amari
1329 3065 1423 3139 inter

221 3206 353 3293 gentes
380 3196 522 3293 ignotas
551 3206 587 3266 et
616 3195 777 3269 infestus.
831 3196 1009 3267 Cadmum
1039 3193 1156 3288 ipsum
1186 3217 1336 3289 prorsus
1365 3196 1421 3293 ig-

222 3350 369 3399 norasse
395 3326 558 3399 ridetur:
606 3350 728 3422 neque
754 3328 784 3398 si
813 3335 944 3413 nosset,
978 3338 1016 3403 et
1042 3336 1191 3422 gentem
1221 3327 1418 3401 Cadmeam

219 3477 286 3549 pro
321 3455 398 3552 ejus
434 3457 587 3550 posteris
623 3454 818 3539 habuisset,
845 3480 907 3528 eos
941 3450 1119 3538 Καδμείους
1154 3456 1217 3527 sed
1252 3452 1421 3539 Ka'duadar

218 3610 240 3659 e
272 3586 447 3659 sermonis
481 3586 602 3661 indole
638 3586 867 3660 nominasset.
921 3586 1102 3657 Casmilus
1134 3586 1192 3658 vel
1226 3586 1413 3662 Cadmilus

218 3729 322 3793 vetus
357 3718 534 3791 Mercurii
569 3742 700 3790 nomen
734 3716 840 3802 suu?
873 3741 995 3813 neque
1027 3715 1123 3789 aiiud
1158 3716 1268 3790 fuisse
1303 3722 1413 3795 oredo

220 3848 424 3923 Cadmum:
466 3850 565 3922 uude
600 3846 853 3935 Harmoniam,
888 3847 1019 3919 Martis
1053 3855 1090 3918 et
1117 3847 1269 3921 Veneris
1305 3848 1416 3930 filiam

218 4004 367 4057 uxorem
389 3978 535 4059 duxissa
552 3978 692 4065 fertur3
720 3988 833 4075 atque
850 4002 931 4051 cum
954 4003 1000 4051 ea
1021 3978 1056 4048 in
1080 4002 1240 4075 anguem
1259 3991 1418 4056 mutatus
1532 4006 1537 4011 ·

259 4178 268 4209 ¹
292 4180 373 4241 R.P.
386 4180 505 4253 Knight.
527 4178 638 4253 Proleg.
653 4176 688 4233 ad
703 4175 790 4235 Hom.
884 4176 961 4237 ¹Cs.
986 4177 1157 4233 Creuzerum
1180 4176 1354 4252 (symbolik.
1377 4178 1417 4243 11.

219 4266 359 4334 axx-um.
407 4275 452 4332 Ct'.
481 4292 589 4350 quoque
619 4272 792 4331 Barthelemi
843 4278 914 4332 353.
935 4274 1003 4331 Not.
1014 4273 1067 4331 IV.
1085 4280 1133 4339 17.
1149 4281 1180 4333 et
1194 4275 1258 4351 99.)
1281 4275 1418 4350 Knightiu

219 4374 286 4431 Aa.
311 4372 403 4431 dead.
429 4372 502 4431 lusc-
524 4370 610 4449 Tam.
628 4388 735 4429 xx111.
763 4390 789 4447 p.
843 4366 878 4421 de
892 4366 946 4423 hac
961 4384 990 4422 re
1008 4368 1218 4443 obsequentem,
1238 4366 1273 4421 de
1295 4366 1417 4428 Cadme,

219 4474 288 4527 420.
842 4481 921 4519 orum
937 4461 1056 4519 nominis
1070 4470 1131 4519 ortu
1146 4460 1221 4518 haud
1236 4460 1314 4519 item.
