3250 5350
571 419 909 498 eno'uuoosrsns.
1269 425 1354 498 xlvii

236 600 316 676 Jom
335 625 422 675 vero
442 602 613 674 Lectores
633 603 801 675 monendi
816 611 902 673 sont
914 599 1064 674 Grecos
1080 602 1119 674 in
1137 602 1353 699 quibusdem

159 735 267 806 rebus
296 746 455 806 veterem
483 731 662 804 scribendi
676 753 828 826 pmorem
858 731 919 804 diu
949 731 1150 807 retinuisse.
1203 735 1362 810 Dutivos-

158 887 205 932 sc.
239 863 365 957 primae
388 861 638 934 declinationis
670 869 707 932 et
741 861 911 933 adverbia
941 862 987 933 ab
1022 861 1065 934 iis
1100 863 1260 938 denseta
1292 865 1354 937 diu

157 1001 236 1082 post
262 992 390 1088 longos
418 991 557 1064 vocales
584 989 744 1062 invectus
769 1013 836 1083 per
863 990 902 1056 ΕΙ
931 992 1137 1066 scribebant
1149 993 1170 1064 ¹.

386 1153 468 1250 urg.
498 1153 630 1227 Merm.
652 1163 735 1224 234.
790 1159 853 1227 ΕΜ
879 1161 1076 1230 Mirtum

790 1277 919 1346 ΠΑΡΑ
941 1278 1018 1344 ΤΕΙ
1046 1280 1163 1348 &Em

382 1397 625 1496 Eig.‘Morm.
651 1411 731 1470 181.
784 1410 954 1477 ΑΓΑΘΕΙ
978 1411 1135 1478 witer.

218 1565 383 1654 Quorum
414 1564 449 1634 in
481 1572 608 1634 neutro
637 1585 853 1635 marmorum
883 1563 1014 1636 veteris
1044 1567 1228 1660 scripturos
1254 1565 1352 1638 atiud
1404 1623 1410 1634 .

157 1693 330 1791 quicquid
360 1681 552 1788 vestigium
589 1707 719 1764 manet.
763 1693 876 1766 Hunc
912 1717 1046 1769 morem
1082 1695 1279 1771 diutissime
1313 1699 1350 1771 in

158 1821 199 1892 iis
230 1819 351 1894 verbis
379 1819 503 1920 Graeci
531 1823 723 1894 servabant
746 1847 828 1920 quse
856 1825 891 1896 in
923 1827 1094 1898 consuitis
1123 1828 1352 1926 decretisque

157 1954 353 2024 solenniter
404 1951 652 2024 occurrebant.
722 1952 820 2024 Hinc
861 1966 1033 2046 ΑΓΑΘΕΙ
1073 1968 1227 2051 met,
1269 1971 1347 2036 ΤΕΙ

160 2092 339 2163 ΒΟΥΛΑΙ
378 2094 414 2156 et
441 2083 567 2154 similis
595 2083 633 2154 in
670 2085 875 2157 recentibus
901 2087 1138 2162 marmoribus
1166 2091 1251 2164 licet
1272 2093 1352 2164 oni·

160 2217 373 2288 madvertas.
415 2215 522 2302 Quod
548 2214 696 2286 Grsecos
720 2211 851 2285 fecisse
873 2227 978 2309 putot
1001 2215 1221 2312 'ruyrorusz
1250 2231 1352 2317 “per

158 2343 333 2416 incuriam
356 2353 418 2414 aut
446 2345 615 2415 memoria
643 2343 797 2437 lapsos.”
836 2343 932 2440 „Ego
958 2347 1071 2442 magis
1098 2346 1225 2419 fecisse
1252 2362 1351 2444 puto,

158 2495 203 2543 ne
229 2481 388 2542 vetustos
420 2474 551 2568 etjam
589 2471 649 2543 diu
678 2475 827 2544 usitatos
856 2475 1036 2546 scribendi
1065 2477 1188 2546 modos
1215 2488 1352 2552 temere

158 2603 374 2675 mutarent³.
427 2599 564 2674 Eodem
604 2603 708 2675 modo
739 2604 773 2674 in
804 2602 959 2676 nummis
982 2603 1267 2681 Atheniensibus
1295 2633 1351 2683 re·

157 2734 275 2806 centis
309 2734 376 2805 aevi
420 2736 543 2810 ΑΘΕ.4
572 2734 742 2830 scriptum
785 2734 960 2821 videmus,
1000 2738 1161 2831 quemvis
1202 2737 1239 2810 in
1283 2742 1351 2815 iilis

157 2866 242 2963 ipsis
290 2866 447 2938 nummis
494 2865 614 2964 iongae
665 2865 806 2937 vocales
857 2875 1085 2959 usurpentur.
1150 2866 1350 2941 Nummum

158 2998 304 3095 quidem
342 2998 522 3089 quendum
558 3006 731 3066 memoret
761 2992 954 3066 Eckheiius
984 2994 1022 3065 in
1052 2994 1163 3067 literis
1188 3008 1348 3072 notatum

157 3134 214 3203 cni
235 3154 368 3201 nomen
390 3126 610 3199 Mithridatis
628 3150 666 3197 vr
683 3124 903 3196 inscribitur.
963 3126 1085 3215 Quare
1102 3124 1159 3197 bic
1183 3151 1351 3201 nummus

156 3275 240 3335 ante
276 3285 313 3331 u.
331 3284 364 3330 c.
381 3256 465 3344 667.
502 3256 569 3328 i.e.
600 3254 761 3326 n.c.86.
796 3278 903 3325 cusus
932 3278 1010 3327 esse
1040 3254 1202 3348 nequire
1256 3256 1350 3332 Vere

195 3472 274 3529 ¹Cf.
310 3472 391 3544 Biag.
420 3470 453 3525 de
483 3468 593 3523 Decret.
625 3466 728 3523 Athen.
819 3465 968 3521 ⁴Ecirbei.
993 3468 1076 3523 Doct.
1098 3466 1188 3525 Num.
1214 3469 1280 3529 Vet.
1310 3490 1348 3528 rr.

157 3568 267 3641 Proleg.
292 3583 384 3623 xxrr.
406 3564 505 3640 (Rom.
523 3563 625 3636 1785.)
781 3580 807 3633 p.
824 3564 893 3618 210.
906 3568 935 3614 et
947 3566 1014 3617 912.

820 3653 832 3682 ³
854 3653 969 3713 Eckhel.
992 3656 1039 3711 ubi
1064 3674 1148 3729 supra
1172 3666 1200 3713 et
1226 3676 1254 3731 p.
1277 3664 1347 3725 919.

711 3808 718 3815 ,
780 3751 829 3807 Me
854 3750 936 3807 valde
960 3752 1072 3807 turbent
1090 3749 1177 3806 literae
1196 3752 1225 3807 in
1252 3751 1347 3807 multis

194 3858 206 3889 ⁸
242 3854 359 3909 Mecum
415 3848 566 3905 consentire
620 3846 728 3901 videtur
779 3845 976 3901 Thebanorum
998 3845 1122 3900 nummis
1143 3852 1270 3901 extenta
1292 3844 1345 3897 θΕ

157 3948 291 4005 Osennus
306 3943 379 4019 Syll.
395 3962 422 4017 p.
441 3950 505 3997 114.
550 3940 579 3997 Si
598 3938 728 4010 exemplo
780 3938 836 3994 BH
848 3957 932 4013 quarn
950 3937 1118 4010 scripturam
1132 3937 1252 4013 hybrida
1264 3944 1346 3991 vocat

155 4048 316 4113 quaereutur
350 4035 387 4093 cf.
422 4035 535 4091 Gruter.
568 4052 595 4105 p.
619 4048 726 4087 cccrv.
779 4032 930 4089 Eckbelius
948 4048 987 4086 11.
1006 4049 1033 4104 p.
1049 4037 1118 4088 202.
1137 4030 1184 4088 sed
1204 4037 1346 4102 postrema

156 4132 314 4189 Montiauc.
344 4131 424 4187 Diar.
452 4130 516 4186 Ital.
545 4148 572 4202 p.
603 4132 651 4185 43.
677 4134 726 4189 79.
778 4126 868 4194 litera,
889 4144 935 4181 me
955 4126 1058 4200 judice,
1079 4125 1115 4181 ad
1141 4124 1245 4197 priores
1271 4123 1346 4180 houd

154 4225 285 4298 Append.
323 4224 359 4279 ad
392 4224 501 4281 Morm.
540 4222 635 4278 Oxou.
671 4220 726 4293 (ed.
778 4220 902 4295 pertinet
945 4220 1019 4278 Satis
1047 4222 1121 4276 enim
1148 4236 1196 4292 per
1222 4236 1251 4274 se
1273 4230 1348 4275 esset

155 4318 266 4393 Maitt.)
285 4338 313 4393 p.
335 4326 363 4378 2.
407 4318 500 4389 Elgin.
523 4317 632 4373 Marm.
659 4322 725 4380 178.
778 4316 866 4373 OEB.
881 4334 931 4372 nec
944 4316 1024 4372 video
1037 4314 1102 4389 quid
1116 4312 1226 4369 OEBH
1241 4313 1346 4388 siguifi-

158 4418 226 4471 181.
242 4420 312 4471 954.
345 4412 485 4470 Dodwell.
501 4412 563 4469 ltin.
582 4430 604 4468 r.
620 4432 646 4487 p.
658 4416 725 4477 372.
778 4427 842 4465 care
857 4412 950 4485 possit.
985 4413 1058 4467 AEvo
1071 4416 1145 4465 certe
1159 4408 1345 4466 vetustissimo

156 4526 195 4563 rr.
212 4513 324 4580 p.518.
371 4504 489 4581 Wslpol.
507 4525 545 4564 11.
560 4528 588 4580 p.
605 4514 672 4573 507.
778 4504 841 4559 urbs
854 4504 949 4577 θήβαι
964 4504 1105 4577 pluraliter
1119 4501 1318 4575 appellabatur.

193 3712 205 3742 ¹
226 3712 313 3787 Tayi.
324 3710 360 3767 ed
375 3710 487 3766 Meum.
502 3707 607 3762 Sandv.
617 3725 645 3779 p.
658 3701 688 3763 6.
