3250 5350
127 473 260 539 lusca.
287 468 332 549 1.]
709 478 797 561 221ἱ

128 648 320 723 Numeros
338 647 482 746 aliquos
505 647 545 747 (ι.
562 646 645 721 dico
663 660 700 723 et
722 652 752 742 t)
773 674 871 725 nune
889 649 992 749 quasi
1015 626 1134 726 literas
1152 651 1333 742 babuisse,

129 791 172 853 et
199 778 352 877 singulis
383 800 486 852 suum
521 776 640 851 locum
670 777 840 853 tribuisse
871 780 1051 868 sidentur,
1085 802 1184 853 nune
1212 792 1332 855 entem

129 916 275 987 duobus
293 913 466 999 tribusve,
496 911 683 985 ueletiam
710 924 876 1009 quatuor,
907 938 979 987 non
1003 914 1070 987 nisi
1098 914 1204 989 unius
1220 914 1335 989 literas

127 1048 253 1135 locum
272 1046 433 1120 dedisse..
469 1045 655 1117 proterea
673 1046 827 1119 eandem
840 1069 918 1119 rem
932 1047 1030 1118 haud
1047 1068 1190 1143 semper
1207 1046 1335 1118 eodem

129 1179 244 1265 modo
261 1178 449 1274 scripsere.
489 1178 617 1273 Xpooie
632 1176 788 1272 exempli
803 1176 933 1276 gratia,
952 1180 1077 1275 Xpooie
1095 1184 1124 1262 I,
1149 1185 1186 1283 et
1210 1177 1338 1273 Xpoois

129 1318 204 1403 μία,
221 1312 373 1383 eundern
402 1332 479 1383 rem
502 1308 689 1397 denotant,
718 1309 815 1405 quod
840 1308 974 1383 dictum
996 1318 1089 1405 puta·
1104 1308 1149 1380 de
1179 1302 1337 1403 Χρυσίδε,

130 1442 282 1544 Xpootde
319 1452 369 1531 ΙΙ,
400 1454 438 1517 et
470 1439 616 1541 vaotde
642 1440 709 1517 δύο.
762 1442 956 1517 Praeterea·
970 1466 1068 1516 nunc
1094 1449 1211 1529 τοῦτο,
1239 1462 1338 1513 nune

130 1609 223 1649 τοτο
262 1584 300 1649 et
335 1571 463 1646 similia
499 1573 693 1659 dicebant;
737 1596 836 1647 nunc
867 1574 1009 1670 προνήῳ,
1043 1587 1149 1645 nunc*
1175 1572 1335 1669 epomim

128 1687 274 1791 literam
298 1738 325 1801 χ
346 1703 383 1775 in
406 1701 661 1799 praepositione
679 1700 847 1801 ξυν(χσυν)
865 1702 1061 1801 aliquando
1086 1701 1336 1805 negligebant.

130 1840 229 1925 Haec
254 1849 377 1912 autern
404 1837 526 1909 omnia
553 1839 765 1935 (cumidem
788 1837 972 1911 literarum
1001 1861 1174 1913 numerus
1197 1839 1235 1915 in
1261 1864 1339 1913 om·
1418 1877 1423 1889 ›

133 1974 245 2048 nibus
263 1971 369 2047 lineis
387 1971 604 2070 injiciendus
622 1968 681 2064 sit)
700 1980 854 2067 quantas
872 1972 960 2045 dent
978 1972 1117 2057 turbas,
1134 1972 1231 2044 haud
1247 1995 1339 2069 opus

133 2117 195 2185 est
219 2106 351 2185 dicere.
407 2100 587 2177 Praeterea
618 2102 763 2200 plurimi
790 2126 930 2177 errores
958 2104 1180 2202 sculptorum
1213 2108 1251 2181 in
1285 2110 1340 2182 his

136 2245 382 2319 marmoribus
410 2243 666 2339 reperiuntur.¹
708 2241 750 2313 In
781 2251 887 2337 parte
911 2245 1070 2316 secunda
1104 2245 1212 2343 hujus
1247 2272 1340 2321 mar-

137 2382 251 2456 moris
278 2381 317 2478 (l.
335 2384 413 2475 25.)
436 2380 547 2454 rerba
564 2380 715 2465 σταθμδν
731 2380 862 2451 τούτων
877 2380 1117 2468 omittuntur3
1145 2392 1183 2453 et
1203 2382 1233 2457 si
1251 2366 1342 2458 tides

138 2512 363 2601 Chandlel'o,
397 2546 502 2597 ταμια
531 2534 598 2609 pro
629 2518 744 2595 ταμίαι
780 2512 897 2613 (1.2.)
926 2522 964 2584 et
986 2515 1017 2585 oi
1042 2536 1109 2610 pro
1139 2515 1187 2589 o'is
1213 2515 1340 2610 (132.)

136 2646 320 2732 scribitur.
363 2644 416 2717 ‘ln
446 2664 622 2717 marmore
652 2644 824 2731 secundo,
856 2644 984 2718 σταθὸν
1017 2669 1084 2741 pro
1110 2648 1269 2736 σταθμὸν,
1306 2658 1343 2720 et

134 2771 292 2867 Ἀθηναις
319 2803 386 2875 pro
400 2779 559 2864 Ἀθηναίας
586 2777 745 2875 ponitur.
796 2778 867 2852 Vix
892 2802 982 2878 ergo
1010 2769 1209 2854 mirandum
1235 2792 1291 2855 est
1312 2783 1342 2856 si

137 2913 207 2986 ubi
225 2913 340 3012 major
361 2935 445 3008 pars
470 2911 576 2985 tineae
593 2910 710 2998 deest·
735 2935 818 3008 quae
845 2912 974 2984 desunt
990 2910 1036 3001 ad
1061 2914 1232 2986 amussim
1258 2938 1344 3013 sup·

136 3047 244 3146 piare
286 3069 521 3143 nequeamus,
563 3044 760 3141 presertim
796 3046 859 3119 ubi
898 3046 976 3142 ipsa
1004 3054 1189 3121 'marmora
1222 3031 1345 3122 videre

138 3177 242 3249 baud
271 3178 471 3275 contingat,
506 3201 587 3249 cum
623 3177 661 3250 in
689 3177 907 3276 apographis
941 3178 1051 3251 multa
1086 3161 1217 3253 menda
1236 3160 1344 3278 saepe

138 3306 269 3381 insint.
320 3307 559 3396 Chandlarns,
588 3309 742 3406 exempli
765 3307 898 3407 'gratia
925 3307 962 3380 in
988 3311 1056 3415 hoe
1073 3311 1151 3406 ipso
1170 3335 1346 3384 marmore

141 3437 204 3537 (P.
220 3436 269 3510 11.
296 3435 398 3511 [16.
424 3439 555 3530 et31.)
586 3461 710 3511 vocem
740 3443 857 3523 ταμίαι
888 3438 938 3510 ita
960 3440 1082 3535 posuit
1106 3449 1146 3512 nt
1171 3442 1219 3539 (id
1248 3442 1347 3538 quod

139 3591 291 3664 semper
314 3569 392 3661 dat)
411 3595 525 3645 novus
552 3571 737 3670 catalogus
759 3597 781 3644 a
805 3585 901 3644 nora
921 3571 1017 3644 linea
1039 3557 1149 3645 ordiri
1174 3585 1346 3670 nequeat.

139 3699 230 3798 Ego
257 3699 305 3773 in·
323 3702 521 3799 supplendo
547 3705 636 3777 nihil
663 3705 740 3778 fere
765 3728 785 3777 e
809 3705 1017 3804 conjectura
1042 3705 1162 3804 injeci,
1190 3709 1253 3780 sed
1278 3685 1349 3779 alia
1377 3755 1383 3765 .

138 3832 299 3906 aliorum
319 3858 391 3931 ope
408 3835 580 3934 supplevi.
633 3838 741 3928 Quod
758 3839 868 3912 semel
895 3841 1029 3913 dietum
1047 3839 1132 3912 satis
1150 3841 1206 3913 sit.
1260 3839 1348 3911 Om·
1383 3935 1387 3953 μ

139 3963 209 4037 nia
227 3965 324 4037 enim
341 3966 592 4062 supplementa
608 3973 705 4044 unde
720 3973 879 4046 hauriam
899 3973 1059 4048 indicare
1074 3973 1223 4074 tongum
1240 3985 1346 4047 esset.

144 4093 261 4184 Quod
291 4094 445 4192 primum
479 4099 629 4186 ἀνάθημα
662 4102 802 4192 attinet,
836 4103 988 4199 exempli
1022 4105 1151 4203 gratia,
1180 4103 1217 4176 in
1252 4105 1295 4177 P.
1315 4087 1349 4177 l.

25 4258 31 4272 =
142 4221 231 4294 Cat.
255 4234 288 4294 l.
307 4222 487 4319 reliquum
514 4237 569 4299 est
596 4239 736 4332 tantum
763 4227 1004 4320 XsPMAA3
1032 4234 1068 4305 in
1091 4232 1136 4306 P.
1155 4235 1185 4307 1.
1215 4231 1296 4306 Cat.
1316 4249 1350 4308 2.

141 4351 300 4426 omnino
322 4350 424 4426 deest
432 4383 444 4441 ,·
469 4353 507 4426 in
529 4355 574 4428 P.
591 4357 620 4430 1.
648 4355 725 4431 Cat.
740 4373 775 4433 3.
799 4360 953 4460 legimus
970 4372 1074 4439 ΤΡΕ.
1101 4374 1348 4443 ΣΤΑΘΜΟΝ

140 4462 364 4560 'towns
379 4542 385 4556 .
401 4544 408 4558 .
423 4540 431 4557 .
446 4498 707 4579 nauare,
737 4493 772 4564 in
803 4493 843 4564 Ρ.
863 4493 892 4567 1.
912 4495 992 4567 cat.
1011 4508 1046 4566 r.
1071 4506 1185 4571 torum
1203 4497 1354 4582 ἀνάθημα

146 4621 267 4694 deest.
323 4621 365 4694 In
392 4625 502 4698 P.11.
526 4625 604 4702 Cat.
629 4641 658 4700 l.
680 4623 839 4727 -legimus
861 4639 1288 4720 ouxxvduuueess,
1315 4631 1351 4704 in
