3250 5350
540 503 881 554 aronnaonnur.
1286 474 1345 546 lvii

147 648 221 718 auis
270 663 510 743 compararet,
547 663 584 722 et
633 653 825 725 varietates
877 651 913 722 in
964 649 1173 722 Academiae
1217 647 1341 718 Berol.

147 797 248 846 usum
283 789 458 850 enotaret.
524 779 580 852 Re
616 781 800 874 inopinata
833 777 1017 874 perculsus
1050 778 1221 848 Osannus
1254 774 1343 846 fecit

145 907 238 999 quod
272 905 458 978 Biickhius
498 909 652 1004 rogavit,
695 918 732 981 et
765 931 832 1001 pro
865 931 909 978 ea
937 931 1048 1002 opera
1087 903 1338 977 munusculum

145 1035 302 1124 pecunia
333 1035 550 1128 persolutum
584 1037 734 1130 accepit.
786 1035 924 1108 Eodem
958 1048 1133 1130 tempore,
1157 1033 1340 1106 nesciente

143 1159 288 1228 omnino
309 1157 488 1244 Bo'clchio,
516 1160 704 1231 varietates
721 1161 1014 1256 apographorum
1031 1185 1054 1230 a
1074 1183 1131 1230 me
1150 1157 1337 1230 nrissorum

142 1281 303 1354 insnum
325 1309 426 1363 naum
444 1285 615 1372 enotavit,
640 1296 673 1356 et
691 1285 791 1357 brevi
802 1294 886 1378 poet
903 1284 1111 1358 Bo'clchinm
1127 1311 1198 1380 per
1214 1285 1338 1358 literas

142 1411 332 1482 certiorem
351 1412 448 1508 secit
482 1413 526 1482 de
566 1411 714 1484 consitio
749 1435 817 1484 sno
851 1411 1132 1504 inscriptionum
1167 1411 1337 1509 Syllogen

142 1542 282 1630 sumni,
310 1567 382 1639 qaeu
413 1544 453 1616 in
477 1569 518 1616 re
539 1569 613 1616 non
631 1567 740 1637 posse
768 1567 958 1616 necarere
985 1543 1224 1615 amietntibns
1251 1569 1338 1640 apo·

140 1670 372 1762 graphorum
406 1695 568 1744 meorum
602 1672 701 1744 dixit.
754 1673 888 1761 Credo,
914 1695 995 1744 cum
1029 1695 1095 1741 sua
1127 1675 1337 1768 apographa

141 1797 188 1866 ita
218 1798 367 1870 fecisset
399 1811 439 1870 ut
470 1801 528 1872 vix
564 1823 634 1871 una
671 1811 707 1870 et
740 1799 851 1870 altera
884 1797 1022 1869 mendis
1055 1797 1163 1874 foedis
1199 1811 1333 1872 careat.

142 1924 338 2012 Boethius,
373 1950 580 2023 quanquam
617 1929 715 2023 quod
746 1927 815 1998 iste
849 1936 989 2022 peteret
1024 1928 1121 1998 haud
1157 1927 1332 2022 placeret,
1456 1957 1462 1970 ·

139 2067 260 2126 tamen
292 2081 339 2128 ne
366 2057 616 2144 intercederet,
643 2057 841 2130 honestatis
868 2055 1043 2128 rationem
1069 2056 1251 2149 postulare
1276 2081 1335 2129 ar·

137 2182 292 2253 bitratus
334 2195 410 2270 cst„
438 2208 552 2280 quare
586 2186 736 2257 Osanno
780 2183 923 2280 scripsit
955 2206 1027 2275 per
1066 2205 1105 2254 se
1144 2182 1255 2255 licere
1294 2195 1334 2256 ut

136 2311 359 2406 apographis
401 2309 618 2382 Britannicis
653 2322 828 2386 uteretur.
891 2309 1000 2383 Hanc
1033 2321 1152 2383 autem
1191 2313 1333 2385 veniam

138 2442 185 2510 ita
217 2440 331 2526 dedit,
364 2463 436 2508 non
474 2450 512 2508 ut
536 2463 638 2510 usum
667 2448 820 2533 optaret,
843 2439 907 2515 sed
938 2450 978 2512 ut
1007 2439 1158 2509 Osanno
1189 2413 1332 2510 idcon·

136 2567 284 2636 cederet
327 2565 424 2659 quod
466 2589 505 2636 se
552 2566 703 2637 honeste
739 2564 916 2659 defugere
953 2586 1060 2658 posse
1094 2563 1330 2658 desperabam

136 2705 249 2789 alque
269 2704 418 2787 eatenus
436 2703 573 2765 tantum
601 2693 698 2765 dedit
723 2704 762 2765 ut
784 2715 852 2785 per
877 2675 917 2763 se
944 2692 981 2763 id
1004 2692 1112 2763 licere
1136 2691 1309 2765 scriberet
1318 2722 1330 2779 3

136 2819 328 2913 oportebat
359 2830 493 2900 autem,
522 2828 561 2888 ut
589 2842 673 2923 vere
706 2816 890 2889 Biickhius
919 2816 955 2887 in
983 2817 1096 2887 literis
1124 2815 1246 2905 MSS.,
1274 2842 1331 2891 me

137 2952 306 3047 quoque¹
329 3040 331 3045 ,
351 2950 551 3037 consulere,
590 2952 688 3043 quod
727 2949 916 3022 manifesto
951 2949 1093 3020 Osanni
1124 2960 1213 3036 erat,
1253 2974 1328 3025 non

137 3080 302 3152 Btickhii.
375 3080 543 3151 Osannus
583 3093 702 3150 autem
742 3090 881 3149 tanturn
920 3077 1035 3148 abfuit
1070 3088 1111 3149 ut
1141 3102 1199 3149 me
1243 3102 1329 3151 con·

136 3205 280 3290 soleret,
307 3215 348 3275 ut
383 3200 474 3273 nihil
502 3204 536 3274 ei
569 3204 683 3305 magis
719 3206 756 3275 in
787 3202 878 3275 votis
904 3224 983 3273 esse
1012 3202 1188 3287 videatur,
1220 3225 1327 3297 qnam

134 3344 173 3404 ut
206 3330 396 3429 gloriolam
431 3330 540 3423 primi
576 3330 732 3403 Editoris
772 3342 903 3425 captet,
942 3352 1117 3424 suamque
1155 3330 1328 3429 Syllogen

134 3472 265 3566 publici
277 3470 376 3567 juris
392 3480 501 3541 antea
520 3470 628 3542 faciat
646 3495 752 3567 quam
772 3496 843 3568 ego
869 3494 997 3543 meam.
1049 3471 1216 3560 Quatuor
1238 3496 1326 3569 ergo

133 3600 325 3683 fasciculos
353 3597 472 3670 emisit
495 3598 702 3693 (expectare
730 3598 855 3670 nolens
873 3599 989 3670 donec
1006 3621 1095 3691 opus
1121 3600 1325 3670 universum
1442 3696 1445 3701 .

133 3730 410 3826 imprimeretur)
427 3727 507 3799 illas
525 3729 620 3823 ipsas
646 3728 801 3802 ineditos
825 3728 1076 3823 inscriptiones
1094 3728 1324 3801 continentes

134 3883 220 3954 quas
247 3880 319 3951 ego
344 3880 427 3928 cum
446 3856 608 3931 Biichhio
632 3858 904 3945 communicavi,
931 3868 968 3930 et
984 3858 1034 3929 ita
1051 3859 1138 3941 meis
1156 3859 1324 3932 chartulis

133 4000 215 4061 ante
257 4010 316 4059 me
366 4009 452 4058 usus
497 3996 562 4058 est.
630 3986 721 4074 Quis
758 3990 895 4083 primus
940 3996 1099 4059 veterum
1141 3987 1324 4080 relliquias

172 4232 180 4263 ¹
202 4232 247 4287 De
267 4231 335 4287 mne
358 4238 469 4287 tantum
483 4228 649 4301 apographis
668 4228 706 4284 lo·
756 4240 914 4303 acceperat,
946 4236 995 4285 ant
1021 4229 1138 4287 Osanoo
1163 4238 1213 4288 aut
1235 4233 1324 4291 cuivis

132 4342 217 4400 quom
239 4344 305 4381 cum
318 4324 394 4382 enim
410 4324 535 4380 Evansio
548 4322 704 4380 mercedem
756 4322 879 4380 allidere
888 4322 986 4397 potuit.
1015 4324 1076 4399 Ego
1089 4332 1183 4382 autem
1197 4328 1325 4387 Boethio

130 4418 221 4492 operis
234 4418 365 4477 solvisset
379 4416 538 4475 Academia
551 4416 703 4474 Bernhauo
755 4434 828 4487 meo,
848 4435 915 4474 mea
932 4417 962 4473 in
984 4435 1065 4475 suum
1092 4427 1203 4478 tantum
1230 4441 1323 4490 usum,

127 4511 192 4583 jura
216 4520 292 4568 certe
317 4510 490 4587 apographa,
512 4526 573 4583 quaa
599 4508 703 4565 abillo
754 4508 826 4565 dono
845 4509 987 4566 dederam.

855 4606 881 4675 Ιι
