3250 5350
825 503 871 564 88
1245 503 1390 586 [Cures.
1406 508 1452 574 li.

260 667 376 748 Allan
393 676 545 744 {remota
564 672 629 758 mir
648 676 751 746 eicior
765 673 819 745 roi
845 668 961 745 τᾶλλα
976 672 1088 746 πάντα
1108 679 1311 772 Δῳάορσγος,
1336 687 1453 774 napa.

257 809 371 904 γόρας,
403 808 559 906 Πρόξενοι
570 803 595 898 ¹,
621 841 650 880 κ.
665 840 699 878 τ.
714 818 749 880 λ.
803 805 1004 880 Sebowius·
1018 831 1167 906 quoque
1192 811 1453 884 eodemmodo

212 993 215 1002 ·
256 945 418 1018 devora
452 954 644 1042 Δαμιοργος
681 943 813 1016 titubet
846 944 942 1039 quod
983 967 1115 1017 nomen
1151 945 1338 1043 proprium
1371 919 1454 1022 csse

256 1075 446 1154 existimat·
497 1078 556 1150 De
584 1101 657 1176 qua
678 1099 717 1150 re
743 1099 867 1150 verum
893 1076 1017 1149 videre
1040 1075 1334 1165 Siebenireesius,
1360 1079 1453 1152 Ber·

254 1209 454 1296 thelemius,
474 1222 512 1282 et
528 1210 700 1284 [anzius.
754 1207 860 1296 Mox,
878 1233 974 1296 cum,
993 1218 1034 1280 ut
1050 1233 1137 1284 vere
1154 1200 1451 1301 Siebenlreesius,

256 1339 448 1416 “Proxeni
486 1333 631 1436 publici
660 1360 729 1412 nec
768 1335 916 1434 privatis
952 1337 1126 1412 interesse
1161 1338 1339 1435 hospitiis,
1379 1363 1452 1413 nec

254 1495 377 1546 eorum
418 1471 563 1546 nornine
596 1471 741 1542 decreta
777 1467 913 1566 signari
946 1475 1129 1564 possent,”
1172 1469 1253 1543 voci
1290 1470 1451 1567 Προξενοι

254 1609 368 1674 “eom
415 1599 719 1700 significationem
764 1598 901 1686 tribuit,
950 1623 1034 1698 quae
1079 1600 1350 1674 conciliatorem
1391 1602 1453 1674 rel

253 1743 435 1808 auctorem
459 1733 627 1834 ambitae
653 1730 841 1819 inuuit²;’'
873 1741 910 1803 et
944 1733 1144 1829 “quamvis
1173 1729 1450 1805 conciliatorum

254 1865 400 1938 nomina
433 1864 587 1938 decretis
604 1862 838 1959 hospitalibus
864 1861 1013 1935 inscribi
1052 1861 1293 1949 consuevisse,
1323 1885 1393 1935 nec
1426 1887 1450 1935 e

253 1996 394 2072 Graecis
421 2020 488 2072 nec
513 1994 687 2068 Romanis
714 1994 892 2090 lapidibus
924 2019 963 2067 se
989 1996 1144 2090 probare
1168 2000 1303 2090 posse’'
1329 1995 1449 2091 palam

252 2131 473 2228 profiteatur,
516 2128 626 2203 “iilos
663 2138 783 2201 tumen
826 2153 916 2225 quos
955 2140 1078 2204 nostra
1118 2129 1240 2203 tabula
1284 2131 1450 2204 nominat

251 2263 466 2338 Minconem
503 2263 571 2338 dre.
605 2264 738 2338 amicos
771 2262 883 2336 inisse
919 2262 1037 2336 Saotis
1071 2271 1111 2336 et
1144 2263 1310 2338 Sicaeniae
1348 2289 1449 2365 com3

253 2421 380 2470 munes
410 2407 446 2470 et
468 2407 633 2470 auctores
655 2397 768 2496 hujus
799 2394 982 2490 hospitalis
1008 2394 1181 2468 foedcris’'
1213 2419 1293 2470 esse
1322 2395 1449 2468 existi·

251 2539 337 2603 mat.
391 2529 573 2626 Προξενους
594 2526 769 2628 ejusmodi
791 2525 954 2598 homines
977 2550 1056 2600 esse
1080 2527 1205 2600 statuit
1226 2527 1449 2615 Heerenius,

251 2684 341 2759 quos
368 2659 523 2761 Anglice
550 2655 699 2731 consuls
723 2655 953 2753 appellamus,
983 2658 1146 2733 homines
1171 2682 1222 2732 sc.
1248 2658 1374 2733 missos
1406 2659 1447 2731 in

249 2790 461 2889 peregrinas
495 2788 614 2873 urbes,
646 2795 686 2858 ut
718 2787 768 2859 ibi
801 2813 877 2862 suae
913 2791 1120 2887 reipublicae
1154 2792 1300 2891 negotia
1333 2790 1448 2888 perfi-

249 2927 358 2999 ciant.
412 2925 651 3033 Demiurgum
682 2949 769 3025 ergo
800 2937 836 2999 et
863 2928 1082 3029 Paragorem
1108 2930 1187 3029 ejus
1213 2928 1312 3001 urbis
1337 2929 1445 3028 cujus

250 3060 422 3135 Sicaenias
445 3058 531 3132 civis
556 3069 635 3132 erat
661 3057 848 3134 Proxenos
872 3084 951 3135 esse
964 3091 975 3149 3
1002 3070 1134 3136 crotera
1154 3072 1276 3136 autem
1298 3060 1448 3135 nomina

249 3188 469 3289 privatorum
489 3186 654 3287 Sicaeuiae
671 3186 871 3261 amicorum
890 3213 969 3261 esse
987 3193 1105 3263 docet.
1143 3202 1147 3209 '
1200 3246 1207 3259 .

322 3320 406 3394 lum
434 3321 596 3417 sequitur
622 3316 742 3394 faceta
761 3320 966 3417 interpretis
991 3322 1086 3397 iilius
1111 3322 1177 3395 SS.
1205 3320 1447 3418 Neapolitani
1567 3323 1576 3342 ’

248 3452 449 3551 explicatio.
494 3450 674 3548 Imprimis
708 3474 774 3546 pro
814 3483 905 3550 τυχα
942 3487 1056 3532 canae
1087 3454 1281 3553 legendum
1318 3450 1447 3523 statuit

248 3668 336 3718 ersten
351 3660 447 3716 Worte
461 3658 531 3716 θεὸς
546 3656 625 3739 τύχα
639 3656 820 3715 EdorreDea
869 3663 1035 3739 derjenigen,
1069 3664 1113 3721 die
1138 3664 1191 3721 mit
1216 3664 1280 3720 dem
1308 3663 1446 3724 Sicanias

238 3756 361 3834 fortuna
408 3755 604 3825 conservatrix,
656 3753 715 3811 sind
758 3754 819 3811 eine
870 3758 1136 3817 Gnstfreundschaft
1170 3759 1312 3817 erricbtet‘
1333 3760 1447 3833 hatten,

247 3850 337 3911 blosse
354 3848 631 3928 Ansangs-lormcl,
650 3850 706 3907 und
727 3851 820 3909 baben
871 3864 949 3912 unbr
962 3854 1086 3915 walchen
1106 3854 1156 3911 der
1168 3854 1250 3911 Ereta
1269 3854 1293 3911 is
1311 3855 1448 3937 Δαμιορ-

247 3948 300 4005 mit
332 3948 386 4005 den
419 3946 564 4023 folgenden
593 3946 672 4003 keine
703 3948 821 4006 Verbiu·
870 3978 928 4025 ‘1⁰³-
962 3953 1062 4010 Dieser
1074 3951 1129 4009 und
1144 3952 1194 4008 der
1203 3950 1329 4027 folgende
1342 3953 1446 4031 Παρα-

247 4051 329 4123 dung.
335 4048 354 4077 ''
870 4076 957 4131 popae
970 4068 1061 4107 waren
1075 4050 1222 4129 Προξενοι,
1236 4048 1356 4124 hospites
1367 4050 1444 4123 pud-

286 4144 295 4175 ¹
318 4141 437 4206 Heeren.
448 4140 494 4199 ubi
505 4157 598 4216 snpra.
620 4142 688 4201 “Δ.
697 4140 732 4201 Σ.
741 4142 776 4199 Τ.
786 4144 819 4204 F.
869 4146 947 4207 ἱὶεί.”

246 4241 319 4299 naeh
346 4240 411 4297 dem
447 4236 606 4295 Dorischen
632 4236 747 4295 Dialect
773 4236 820 4296 fiir

245 4336 336 4397 lbera:
355 4336 391 4409 Σ,
410 4334 464 4405 τήν
477 4336 563 4391 datas
583 4332 760 4409 (hospitium)
773 4331 818 4389 καὶ
884 4332 919 4374 »’
939 4330 1010 4389 Haec
1034 4331 1097 4389 loca
1123 4330 1243 4388 advocet
1263 4330 1307 4385 vir
1331 4328 1445 4386 doctus.

244 4430 341 4491 orna
357 4427 454 4487 „aava
476 4428 542 4487 aras
562 4426 670 4507 usage,
690 4446 746 4487 aa
768 4427 818 4485 aa
868 4414 1444 4501 prumenuoin.1.p.79.sn01.meu.

247 4526 338 4585 Rara
352 4526 401 4585 der
415 4523 681 4605 Gortfrcuadccloft
694 4525 747 4583 mit
759 4524 819 4582 riclr
867 4527 895 4584 iu
907 4524 1002 4601 Eurip.
1016 4524 1114 4581 Pboen.
1128 4540 1157 4580 v.
1166 4518 1236 4580 356.
1250 4520 1335 4597 (inter
1347 4518 1443 4579 Codd.

246 4624 356 4703 largn
376 4624 431 4683 und
446 4624 518 4699 jetzt
534 4622 626 4702 folgen
643 4624 688 4681 die
704 4624 818 4683 Namen
867 4619 935 4684 bibl,
949 4618 1053 4697 Angel.
1069 4618 1114 4679 PL
1127 4622 1204 4691 cd.)
