3250 5350
812 501 880 560 134
1194 491 1346 586 [Cosso.
1360 496 1424 562 111,

228 665 317 740 locis
358 677 569 767 congestum
605 680 693 743 erat.
744 669 862 761 Quam
907 693 998 770 ergo
1037 653 1229 770 peounia'ni
1274 697 1322 746 ex
1364 670 1426 744 ilio

229 796 424 871 Thesauro
447 798 550 893 plebs
574 799 850 874 Hellenotamiis
873 804 1052 876 numerari
1065 805 1237 904 jusserat,
1261 829 1306 884 ea
1328 806 1427 884 houd

229 947 356 997 ravam
371 921 562 1022 Ιπαρεδόθη.
612 926 845 1024 Άναμολαγεῖν
879 955 968 1030 ergo
1006 931 1128 1009 forsan
1166 933 1352 1030 proprium
1385 933 1425 1006 in

229 1058 300 1130 hac
336 1081 376 1132 re
411 1061 558 1134 verbum
595 1085 674 1135 esse
706 1072 808 1160 putat
842 1063 1039 1138 Biickhius.
1107 1063 1271 1139 Primum
1305 1067 1424 1141 locam

104 1248 106 1263 .
229 1187 349 1276 vertit,
379 1194 403 1229 “
419 1187 560 1263 Wurde
582 1190 704 1301 *duret
732 1193 952 1290 onweisong
979 1193 1187 1294 veroissolgt
1199 1202 1242 1281 ;’'
1271 1196 1424 1270 aiterum

230 1329 366 1408 autem,
402 1318 666 1420 “vecabsotgte
692 1321 844 1396 mittelst
870 1324 1097 1422 Anneisnng
1129 1326 1186 1400 die
1205 1326 1426 1402 *Samiscism

235 1449 569 1526 Getder-mocitos
595 1477 665 1526 oon
693 1452 819 1553 Passa
844 1455 915 1529 den
945 1455 1151 1530 Feldlserm
1184 1458 1224 1532 in
1256 1454 1424 1538 Samos.''

230 1581 323 1654 Cum
357 1581 472 1686 viram
508 1580 576 1654 cel.
609 1581 794 1680 rogissem
828 1607 876 1655 an
905 1583 1111 1685 exemplum
1144 1585 1255 1685 hujus
1286 1585 1427 1683 signifi÷

229 1711 381 1786 cationis
406 1711 537 1786 afferre
568 1723 701 1809 posset,
729 1714 811 1786 haec
842 1713 903 1787 ille
933 1714 1020 1788 mihi
1052 1714 1248 1812 rescripsit.
1301 1723 1326 1753 “
1339 1714 1427 1789 Hoc
1564 1732 1565 1737 ’

231 1847 342 1912 “non
373 1863 542 1937 possum3
570 1843 778 1940 sed=quum
806 1849 946 1927 tantum
979 1844 1026 1916 de
1051 1841 1218 1938 pecuniis
1248 1841 1425 1936 expensis,

230 1983 254 2014 “
269 1998 342 2047 non
372 1975 418 2047 de
441 1971 631 2070 promissis
658 1975 695 2046 in
727 1973 787 2047 illa
815 1972 1051 2070 inscriptione
1081 1983 1224 2070 agatur,
1249 1973 1425 2046 sationem

231 2108 476 2206 “quaerebam
501 2131 575 2205 quo
600 2132 673 2182 ‚vox
700 2105 942 2201 ἀνωμαλαγήθη
968 2116 1226 2203 que-pactum
1253 2103 1426 2194 continet„

231 2237 455 2312 “conciliari
476 2291 480 2300 ,
498 2263 580 2312 oum
612 2237 879 2312 numeratione
919 2237 1087 2334 pecunia
1129 2245 1282 2335 posset·
1329 2235 1427 2310 Haec

229 2369 358 2444 “ratio
382 2371 470 2444 mihi
488 2371 679 2446 videbatur
700 2372 739 2445 in
757 2371 1010 2468 assignatione
1027 2371 1145 2469 posita
1168 2396 1262 2446 esse.
1315 2370 1427 2462 Qua-

231 2508 382 2574 “stores
407 2505 549 2597 (Ταμὲαι
576 2502 634 2588 τῆς
659 2501 837 2598 Ἀθηναίας)
865 2500 1021 2576 Athenis
1048 2501 1242 2593 emntsed
1269 2499 1427 2598 pecunia

189 2633 191 2641 ’
232 2632 306 2709 “in
343 2631 451 2709 Samo
465 2661 476 2722 ;
501 2634 636 2734 *igitur
675 2636 832 2733 pecunia
873 2658 946 2707 non
992 2632 1071 2731 ipsa
1110 2633 1241 2708 tmdita
1275 2644 1331 2708 est
1364 2633 1429 2709 sad

231 2763 476 2859 “assignate
528 2765 738 2863 Assignatio
776 2774 897 2837 autem
936 2773 1055 2860 potest
1085 2788 1175 2839 voca
1209 2765 1430 2860 ἅναμαλαγεῖν

232 2896 456 2996 “designari
468 2928 480 2987 3
517 2922 602 2971 nam
637 2900 700 2997 qui
734 2900 1016 3000 assignationem
1051 2898 1192 2997 accipit,
1227 2897 1431 2994 paciscitur

231 3029 315 3102 “de
343 3030 500 3127 pecunia
533 3041 631 3104 certo
665 3040 828 3130 tempora
858 3032 1014 3129 locoque
1045 3031 1271 3131 accipianda,
1298 3030 1336 3104 et
1365 3030 1430 3126 qui

231 3177 258 3209 “
270 3168 445 3270 assignat,
471 3169 648 3267 promittit
676 3170 869 3268 pecuniam
899 3194 944 3242 eo
975 3181 1138 3267 tempore
1165 3170 1322 3269 locoque
1348 3170 1431 3243 red·

230 3302 456 3375 “dandann
488 3298 604 3373 Simul
636 3302 686 3375 ita
720 3301 887 3399 pecunia,
918 3300 1004 3373 licet
1036 3324 1111 3374 non
1140 3300 1262 3374 statim
1296 3324 1430 3396 reprae-

232 3442 422 3522 “sentata,
453 3443 576 3507 tamen
611 3455 775 3531 expensa
803 3440 860 3505 est
873 3460 886 3519 3
921 3429 1044 3527 itaque
1077 3429 1271 3528 assignato,
1294 3428 1363 3513 vel,
1389 3436 1432 3500 nt

230 3570 256 3603 “
271 3559 423 3651 reddidi,
449 3561 703 3657 assignatione
734 3559 871 3634 tradita
902 3560 1060 3656 pecunia
1089 3570 1211 3657 potest
1239 3561 1337 3634 inter
1366 3585 1430 3633 ex-

230 3667 383 3792 v“pensa
399 3692 567 3782 -refen'i3
597 3694 683 3790 quia
713 3692 961 3792 assignatione
989 3690 1095 3782 facta,
1119 3691 1277 3789 pecunia
1301 3716 1432 3792 numa·

231 3835 371 3902 “ratur
396 3825 430 3898 ai
456 3825 520 3923 qui
546 3823 830 3925 assignationem
855 3821 1072 3919 acceperit”

303 3958 349 4036 L.
376 3970 433 4046 19.
474 3954 549 4028 Pro
593 3960 832 4033 ΣΙὊΥΔΙΔΙ
876 3950 1023 4049 reposui
1068 3959 1309 4041 ΣΡΟΥΔΙΑΙ
1347 3962 1435 4050 post

233 4089 434 4167 Biiakhiusn
464 4088 527 4184 qui
552 4094 819 4165 ΣΓΙΟΥΔΙΔΕΙ
847 4086 957 4161 etiam
978 4083 1148 4185 conjecit

307 4222 425 4299 Pasa.
442 4223 530 4299 Vll.
576 4221 621 4295 ln
654 4223 722 4297 hac
757 4221 933 4321 Prytanis
959 4219 1238 4296 celebrabantur
1267 4217 1435 4292 Anthes·

231 4354 334 4440 teria,
351 4380 439 4454 quse
473 4367 546 4431 tres
581 4354 657 4430 dies
692 4358 879 4431 duravere.
930 4326 1020 4429 sed'
1036 4362 1077 4427 ut
1110 4376 1197 4427 vere
1233 4350 1433 4441 Biiokhius,

232 4606 320 4665 tribus
337 4603 417 4663 annis
431 4612 495 4662 ante
512 4612 637 4663 nostrum
652 4607 803 4677 decretum,
856 4607 949 4665 nnitnr
982 4605 1099 4682 munia
1138 4602 1254 4663 minime
1293 4603 1430 4660 tributum

225 4700 336 4780 (Thoe.
360 4716 437 4763 v111.
453 4704 517 4778 21.)
535 4720 601 4775 argo
621 4719 683 4778 quae
701 4700 748 4761 hic
766 4702 806 4760 in·
857 4708 893 4764 ab
917 4704 1010 4766 insola
1028 4704 1162 4767 collatum
1185 4723 1244 4763 essa
1268 4711 1367 4777 potest.
1403 4692 1407 4699 ’
