3250 5350
841 497 890 556 40
1273 443 1424 572 [Curso.
1441 487 1487 556 H.

298 652 514 765 congessit¹‚
533 670 630 763 quod
652 667 748 742 idem
765 668 851 741 fecit
878 666 1082 766 Gregorius
1091 664 1114 738 ².
1156 671 1233 763 Παρ
1251 666 1398 763 quidem
1424 692 1489 764 pro

297 833 390 896 παρα
416 811 500 874 ante
531 810 790 875 consonantem
820 799 957 896 ubique
986 798 1121 896 legitur
1144 799 1241 894 apud
1272 795 1488 884 Homerum,

297 942 406 1027 atque
435 931 664 1020 Pindarum³,
695 931 796 1003 etin
825 931 933 1003 tertia
957 927 1204 1002 Orchomenia
1234 928 1489 1023 inscriptione⁴

296 1061 464 1134 occurrit.
520 1060 708 1136 Difficilius
735 1070 792 1134 est
816 1071 975 1134 statuere
1008 1079 1082 1157 quo
1112 1083 1221 1132 sensu
1246 1050 1489 1134 adhibeantur

296 1193 404 1262 verba
421 1203 634 1289 παρπολεμο.
687 1191 821 1266 Totius
841 1191 911 1264 loci
929 1190 1109 1266 sententia
1130 1190 1182 1262 ita
1198 1190 1340 1287 concipi
1356 1203 1487 1289 potest.

298 1331 322 1360 “
338 1325 414 1396 Atii
437 1326 524 1398 otiis
543 1325 731 1398 auritium
754 1350 793 1399 oe
816 1326 969 1400 daturos
991 1349 1070 1398 esse
1095 1323 1350 1420 (pollicentur)
1376 1351 1490 1424 quum

298 1455 395 1552 quod
426 1466 556 1529 coetero
587 1455 719 1528 attinet
754 1464 834 1528 tum
864 1455 904 1527 in
937 1454 1059 1528 teror
1111 1455 1162 1526 At
1192 1453 1223 1526 si
1256 1453 1490 1530 concedimus

298 1593 439 1661 συνεῖναι
464 1611 573 1659 sensu
597 1587 658 1659 τοῦ
673 1587 853 1671 ἀμύνεσθαι
877 1587 1034 1683 positum
1058 1586 1490 1671 εεεε,1ιαιιάπιο1ἰυεῐοε

240 1751 245 1760 ·
298 1741 379 1792 sese
396 1719 518 1792 habet.
567 1718 661 1791 tttud
687 1720 783 1792 enim
808 1719 957 1794 verbum
978 1719 1268 1817 praepositionem
1290 1755 1381 1818 παρα
1407 1731 1492 1817 post

297 1873 337 1924 se
371 1873 554 1946 nunquam
586 1851 726 1947 recipit.
767 1849 863 1923 Nec
893 1851 922 1924 si
955 1853 1001 1924 ad
1034 1851 1292 1927 vetustissimos
1324 1864 1491 1926 auctores

296 1979 479 2075 respicias,
520 1981 692 2076 quicquid
732 1980 880 2080 videbis
910 1984 1009 2079 quod
1054 1990 1228 2056 monstret
1262 2005 1336 2079 quo
1382 2007 1491 2056 sensu

299 2121 422 2182 nostro
454 2110 535 2184 loco
565 2111 757 2206 praeposito
790 2111 1038 2186 adhibeatur·
1070 2111 1113 2184 In
1153 2111 1315 2184 Homero
1349 2135 1491 2210 semper

300 2247 395 2338 (cum
427 2244 591 2342 genitivo
629 2247 838 2344 conjuncta)
872 2249 991 2346 verbis
1025 2257 1160 2320 motum
1198 2247 1490 2347 significantibus

299 2378 543 2478 subjungitur,
568 2377 637 2451 nisi
664 2379 775 2452 semel
799 2380 839 2452 in
869 2380 982 2454 Iliade
1008 2381 1167 2476 quarta⁶.

424 2513 573 2608 Πλευρᾶ,
591 2513 638 2585 τά
660 2515 692 2584 oi
715 2513 862 2608 κύψαντι
887 2523 957 2611 παῤ
981 2509 1118 2590 ἀσπίδος
1141 2513 1334 2612 ἐξεφαάνθη

299 2647 362 2722 ubi
401 2657 500 2721 recte
532 2645 699 2745 Heynius
730 2647 887 2744 explicat
916 2647 1047 2732 locum,
1075 2671 1124 2721 sc.
1154 2643 1219 2740 ἔξω
1248 2653 1310 2733 τῆς
1339 2643 1488 2726 ἀσπίδος.

300 2785 407 2879 Apud
425 2782 623 2856 Pindarum
641 2780 823 2855 rarissime
841 2804 922 2855 curn
941 2778 1104 2879 genitivo
1122 2779 1280 2879 legitur⁶
1295 2791 1331 2855 et
1348 2806 1492 2879 semper

300 2932 408 2983 seusu
430 2908 581 3008 vulgari.

375 3036 417 3109 L.
435 3050 468 3109 5.
488 3045 531 3119 Ar
555 3034 591 3108 ds
605 3070 653 3120 μα
674 3068 789 3108 oureus
805 3050 975 3113 ταλαντον
991 3072 1141 3137 καργνρο
1157 3071 1349 3111 emoreretur
1362 3072 1417 3111 τοι
1445 3050 1490 3113 Δι

299 3179 471 3245 Ολυνπια.
524 3166 629 3242 Nihil
646 3170 706 3241 hic
730 3170 886 3245 difficile.
921 3180 959 3246 Er
982 3170 1017 3247 dc
1041 3210 1084 3262 μη
1101 3176 1230 3268 foveras,
1256 3186 1426 3249 ταλαντον
1450 3211 1490 3251 ao

298 3330 448 3395 αργυρου
471 3329 657 3369 αποτινοιεν
681 3329 729 3369 τω
756 3308 813 3371 Au
837 3311 1000 3396 ολυμπιῳ.
1048 3300 1133 3377 Nec
1158 3303 1296 3400 aliquid
1321 3306 1417 3392 novi,
1450 3304 1489 3378 in

298 3428 464 3500 foedere⁷
489 3426 585 3498 enim
609 3426 707 3499 inter
729 3430 912 3505 Priansios
930 3444 966 3506 et
991 3434 1313 3534 Hierapytnenses,
1332 3434 1382 3508 ilii
1408 3436 1490 3534 qui·
1620 3520 1621 3529 χ

297 3578 444 3650 cunque
478 3565 603 3628 contra
635 3556 736 3655 leges
770 3560 918 3635 foederis
950 3566 1140 3639 offenderit
1172 3569 1284 3641 multa
1314 3602 1490 3653 τιμηματα

296 3689 574 3767 denunciantur.
625 3693 732 3783 Quod
763 3698 848 3772 huic
872 3700 953 3775 loco
977 3706 1162 3779 contulere
1189 3731 1212 3778 a
1238 3705 1489 3805 Thucydide⁸

299 3822 508 3897 Boethium
540 3835 577 3897 et
609 3824 813 3925 Waipolius
828 3828 864 3918 ¹⁰,
903 3833 999 3905 haud
1039 3836 1188 3909 omuino
1219 3838 1264 3910 ad
1293 3863 1378 3912 rem.
1441 3840 1489 3915 In

337 4000 460 4058 ¹Strab.
482 4000 568 4059 v111.
590 4000 706 4075 poor.
916 3994 1001 4051 XlV.
1037 4000 1086 4055 33.
1135 3998 1221 4075 Pyth.
1256 4000 1281 4059 1.
1318 4006 1384 4059 148.
1421 4008 1491 4070 171.

335 4098 486 4171 *Gregon
501 4099 535 4155 de
549 4098 628 4159 Diui
644 4120 672 4175 p.
688 4106 756 4161 142.
917 4090 1003 4149 Nem·
1025 4090 1079 4151 ῙΧ·
1104 4100 1129 4151 ¹·
1163 4094 1202 4151 X·
1229 4102 1276 4163 89·
1311 4097 1366 4156 ΧῙ·
1386 4096 1437 4157 46·

337 4206 482 4263 spmdar·
510 4208 595 4285 pyth·
620 4210 644 4268 Ι.
671 4214 737 4269 148·
779 4210 866 4269 Nem·
955 4183 1089 4263 :Chish
1102 4189 1171 4247 Ant.
1185 4192 1237 4248 As.
1250 4210 1278 4265 p.
1293 4195 1360 4249 130.
1391 4190 1493 4252 Maiit.

300 4306 337 4361 Χ.
352 4310 400 4371 89.
415 4305 486 4363 Isth.
501 4307 570 4365 vlt.
585 4303 633 4366 68.
920 4297 1026 4359 Marm.
1044 4298 1144 4397 ΟΜ).
1228 4343 1235 4359 .

335 4411 347 4443 ⁴
368 4410 466 4471 Clark.
481 4414 545 4473 ltin.
559 4414 630 4475 vlt.
645 4436 672 4492 p.
691 4424 757 4485 192.
958 4414 969 4446 ⁸
989 4412 1119 4492 Thucyd.
1135 4414 1173 4473 V.
1188 4420 1237 4473 31.

335 4521 348 4553 ⁶
367 4522 448 4583 Iliad.
462 4524 501 4583 Δ.
514 4522 587 4585 463.
958 4524 969 4556 ⁸
991 4523 1045 4581 Ubi
1061 4524 1161 4601 Supra.

335 4632 416 4711 301.
444 4638 467 4695 1.
494 4646 561 4699 112.
590 4640 629 4699 11.
659 4647 727 4706 127.
753 4638 794 4700 V.
818 4644 865 4699 21.
955 4635 978 4722 {⁰
1000 4638 1472 4715 Waipol.inMueCrit.p.537.
