3250 5350
862 426 911 500 62
971 404 974 411 .
1262 435 1409 516 [Conse.
1431 393 1484 500 11.

289 606 430 681 diversa
448 611 668 698 querantur,
690 600 794 676 ἔσταν
805 605 831 688 ¹,
849 601 1017 692 {linotet
1033 599 1199 683 simitin³,
1223 600 1361 696 ubique
1379 625 1484 684 usur·
1512 637 1517 646 ·

287 746 385 833 pent,
413 735 541 830 quidni
567 739 680 808 ανεθνν
707 732 935 808 scriberent?
975 731 1048 804 Sed
1079 729 1244 825 profacto
1274 733 1481 826 exemplum
1576 757 1580 760 ·

288 865 396 961 hujus
421 863 520 936 vocis
553 873 649 936 extat
679 865 775 958 apud
810 863 1065 936 Simonidem⁴.
1118 859 1239 957 Vulgo
1266 859 1415 955 quidem
1442 863 1482 944 ip

289 1018 334 1070 oo
361 995 441 1068 loco
467 993 602 1091 legitur
1210 974 1214 982 ’

679 1092 783 1164 ⁴0er
809 1092 966 1164 ἀνέθεντο
992 1097 1102 1164 Λατοῖ

287 1230 351 1305 ubi
376 1252 457 1302 cum
483 1251 616 1324 magna
640 1239 755 1301 metro
782 1229 846 1300 fiat
868 1223 1013 1324 injuria,
1041 1225 1205 1321 quisnam
1230 1227 1370 1332 dubitat
1390 1225 1480 1324 quio

289 1381 369 1428 cum
396 1354 647 1427 Blomfieldio⁵
673 1355 867 1452 legendum

679 1483 783 1554 ⁸‘Onit'
811 1481 926 1556 ἄνεθον
951 1490 1063 1558 Λατοῖ
1070 1483 1098 1552 ⁶.

289 1611 360 1682 Sed
394 1611 525 1708 injuria
559 1633 717 1706 quoque,
753 1610 790 1681 ni
824 1609 939 1695 folior,
980 1610 1117 1708 linguar
1150 1613 1293 1685 Graecae
1325 1615 1481 1709 purioris

287 1740 430 1836 legibus
457 1740 497 1810 fit
521 1739 681 1836 legendo
699 1739 866 1811 ἀνέθεντο.
920 1739 1114 1835 Nusquam
1142 1741 1237 1812 enirn
1259 1742 1358 1836 apud
1374 1740 1482 1814 bona

288 1878 384 1942 notae
421 1868 611 1962 scriptores
642 1867 795 1942 mediam
831 1893 956 1942 vocem
995 1870 1064 1940 hoo
1097 1893 1205 1941 sensu
1235 1871 1388 1963 positam
1424 1894 1482 1945 me

286 1997 418 2068 vidisse
457 1996 617 2068 memini.
671 1999 778 2092 Apud
820 1997 1041 2072 recentiores
1075 1999 1271 2096 aliquando
1309 2000 1480 2086 occurrit,

221 2147 230 2154 ·
288 2150 321 2198 e.
338 2153 374 2224 g.
410 2125 448 2196 in
485 2127 742 2222 epigrammate
771 2127 867 2219 apud
898 2125 1112 2220 Sponium⁷.

539 2255 648 2337 Μνῆμ’
674 2252 791 2350 ἀλόχῳ
817 2259 915 2354 φιλίῃ
936 2255 1062 2338 θήκατο
1087 2249 1233 2358 xoopcriip.

286 2384 348 2458 ubi
370 2383 566 2480 legendum
592 2381 712 2454 forsan
740 2389 864 2480 φιλίης.
1220 2467 1226 2474 ,

360 2509 443 2581 Vidi
484 2532 630 2605 quoque
674 2511 895 2606 epigramma
943 2512 1079 2584 Pallad.
1132 2514 1328 2586 Alexandr.
1381 2519 1480 2610 apud

287 2639 537 2712 Brunokium⁸

371 2772 431 2841 τον
447 2746 504 2840 θῶι·
539 2775 591 2841 rai
610 2773 671 2847 rtis
688 2779 754 2855 κνῆ·
791 2774 854 2843 τᾶν
878 2774 908 2841 τ’
931 2770 1058 2845 dontio
1079 2778 1132 2845 rai
1155 2771 1231 2869 δορα)
1249 2780 1300 2847 erni
1316 2782 1391 2872 κρᾶ·

574 2894 860 2995 Γορθιοπριλᾶριος
881 2899 1002 2975 ἄνθετο
1023 2903 1187 2983 Τιμοθέου

286 3033 322 3095 et
339 3022 435 3094 aliud
452 3025 547 3118 apud
565 3026 824 3099 Chishuliium⁹
848 3030 1048 3102 Commodo
1067 3031 1267 3126 imperante
1290 3034 1479 3128 scriptum,

267 3155 348 3226 -ubi
386 3160 510 3239 θηκανο
544 3161 711 3231 occurrit.
771 3160 966 3259 Knightius
979 3163 1006 3203 ¹⁰
1047 3165 1300 3261 qnoquejam
1344 3164 1481 3237 fatetur

284 3284 435 3357 activam
466 3308 588 3357 vocem
617 3288 651 3357 in
684 3267 890 3387 hujusmorii
917 3290 1006 3364 iocis
1034 3292 1316 3387 frequentiorem
1345 3318 1459 3379 esse„

359 3410 489 3485 Plures
511 3415 633 3485 turbas
660 3417 721 3488 dat
748 3442 814 3490 vox
841 3429 950 3494 nter.
1001 3420 1198 3517 Knightius
1208 3420 1231 3455 ¹¹
1254 3422 1350 3494 enim
1377 3424 1477 3509 satis,

231 3586 235 3594 '
325 3584 435 3641 ¹Pind.
451 3586 522 3645 Isth.
538 3588 622 3645 v111.
642 3596 707 3645 128.
902 3594 948 3650 Cf.
980 3595 1073 3652 Strab.
1102 3595 1139 3653 X.
1168 3602 1238 3653 448.
1280 3596 1376 3670 Epigr.
1401 3598 1478 3671 apud

323 3678 436 3734 ¹Pind,
463 3680 547 3756 Pyth.
574 3682 626 3741 lx.
652 3689 720 3741 384.
764 3682 851 3742 Hom.
902 3688 998 3749 Clark.
1016 3690 1244 3747 itimTomi'i.
1267 3711 1294 3765 p.
1310 3698 1380 3750 408.
1394 3698 1477 3765 (nvo.

285 3772 342 3829 Od.
363 3774 401 3829 A·
426 3778 495 3831 211.
544 3774 588 3831 Cf.
614 3775 739 3852 Etymol·
757 3780 799 3837 M.
823 3799 850 3853 p.
901 3786 956 3857 sd.)
968 3796 997 3840 et
1012 3786 1164 3842 Lucinnum
1179 3788 1217 3842 ab
1229 3804 1262 3842 eo
1280 3787 1399 3844 citatum
1414 3789 1478 3845 sine

283 3873 352 3923 401.
373 3871 422 3925 48.
902 3882 956 3939 loci
967 3882 1080 3939 indicio.

321 3966 333 3995 ⁵
355 3960 427 4018 Εθεν
439 3960 468 4015 m
489 3962 621 4027 Gramm.
644 3966 734 4026 Portr,
751 3968 853 4025 citatur
941 3977 950 4009 ²
973 3976 1058 4047 Spon.
1075 3975 1161 4031 Misc.
1177 3975 1263 4031 Erud.
1277 3995 1305 4049 p.
1319 3980 1389 4032 318.

282 4056 323 4127 (p.
338 4058 420 4128 200.)
433 4054 479 4109 sad
498 4053 573 4110 nullo
590 4055 650 4113 loco
667 4056 787 4115 indicato
801 4078 852 4115 nec
940 4068 951 4099 ⁸
972 4066 1095 4123 Brunck,
1111 4069 1198 4125 Anat,
1215 4068 1254 4125 11,
1269 4086 1297 4141 p,
1310 4063 1378 4124 426.

282 4164 334 4219 08⁰
346 4166 392 4205 ¹¹¹0
404 4146 502 4223 ¹⁰8i⁸³0
517 4152 642 4209 memini·
941 4162 953 4194 ⁹
973 4159 1114 4219 Chishull.
1136 4162 1198 4221 itin.
1213 4180 1241 4235 p.
1256 4166 1304 4218 28.
1346 4160 1392 4219 Cf.
1407 4180 1479 4236 quo·

321 4242 333 4272 ⁴
353 4240 438 4317 Epig.
452 4260 573 4302 xxxiv.
588 4246 632 4303 ed.
648 4242 739 4301 Gaisi.
901 4274 954 4331 que
968 4256 1153 4329 Epigramma
1165 4256 1238 4329 apud
1254 4253 1374 4327 Walpoi.
1388 4254 1477 4311 Tom.

322 4330 333 4361 ⁵
355 4331 459 4391 Blomi.
475 4335 508 4390 ad
522 4336 600 4393 Pers.
612 4344 682 4405 992.
698 4342 773 4413 App.
903 4349 927 4407 1.
941 4369 970 4423 p.
986 4346 1056 4413 576.
1122 4366 1127 4375 ’

322 4426 503 4488 6Ἀνεθεοαν
524 4431 677 4507 frequenter
697 4434 750 4491 hoc
770 4453 851 4493 sensu
943 4442 963 4472 ¹⁰
984 4438 1094 4514 Proleg.
1106 4439 1142 4495 ad
1157 4438 1341 4499 Homonrr.
1354 4458 1383 4513 p.
1399 4446 1452 4499 80.

283 4522 401 4581 occurrit
416 4526 542 4599 quamvis
557 4525 690 4595 ἀνέθηκαν
703 4528 851 4605 vulgatius.
943 4529 961 4559 ¹¹
984 4534 1094 4603 Proleg.
1109 4532 1144 4587 ad
1156 4530 1244 4605 from.
1261 4548 1354 4603 xqu.
