3250 5350
125 485 250 552 lusca.
272 485 334 566 11.]
699 495 743 556 ib

126 673 286 745 unquam
304 654 390 748 poni
405 654 428 738 ¹,
464 677 531 726 nec
554 678 625 751 ego
642 656 847 751 exemplum
867 655 951 733 vidi.
1007 653 1209 730 Videndum
1228 679 1317 757 ergo

123 805 166 852 an
192 784 346 867 Ἀθηνέων
373 809 439 878 pro
461 788 630 870 Ἀθηναίων
658 799 753 860 stare
777 789 899 883 possit.
952 787 1008 861 Eo
1041 790 1137 861 enim
1167 791 1314 865 nomine

126 911 373 986 Panathenaea
416 915 589 1011 imprimis
637 917 815 1013 appellata
849 941 928 992 esre
957 919 1125 992 omnibus
1159 920 1319 994 notum'.

124 1043 218 1133 Quae
242 1047 280 1117 in
307 1047 426 1142 priore
449 1047 591 1122 Tomo³
607 1051 726 1122 adfert
743 1050 960 1146 Walpoiius,
988 1051 1035 1124 de
1052 1050 1318 1146 permutatione

123 1183 205 1244 eet
236 1207 284 1257 ω,
312 1198 420 1248 merae
452 1201 563 1274 nugae
588 1188 685 1249 sunt.
738 1178 881 1250 Vossii⁴
912 1181 1022 1253 verba
1057 1201 1141 1274 quae
1169 1177 1316 1276 pmiert,

124 1306 168 1375 de
200 1315 289 1378 nota
320 1306 379 1378 ilia
410 1319 448 1380 et
476 1311 667 1382 recentiori
698 1311 966 1404 permutatione
993 1312 1030 1384 iu
1057 1310 1166 1386 MSS.
1192 1323 1317 1411 agunt,

124 1439 230 1535 cujus
258 1441 352 1514 miiie
373 1445 541 1539 exempla
574 1445 685 1518 index
710 1445 978 1520 Schaeferianus
1005 1449 1051 1520 ad
1082 1447 1196 1546 Greg.
1228 1470 1320 1542 pne·

3 1567 5 1574 ’
123 1571 236 1644 bebit.
289 1573 374 1646 Nec
402 1576 546 1673 majoris
573 1576 744 1673 ponderis
772 1589 857 1650 sunt
883 1603 927 1650 ea
956 1601 1039 1674 quse
1066 1603 1087 1653 e
1117 1577 1318 1652 Scholiaute

125 1705 319 1780 Theocriti
351 1707 527 1800 protert⁵.
583 1705 656 1779 iste
690 1707 786 1779 enim
821 1709 929 1781 verba
961 1708 1048 1782 facit
1076 1710 1122 1782 de
1155 1709 1224 1802 γέα
1257 1731 1322 1804 pro

123 1845 213 1932 γαῖα
237 1838 385 1934 scripto,
412 1843 509 1936 quod
533 1865 660 1914 revera
675 1865 741 1937 pro
766 1849 816 1935 «γῆ
841 1841 898 1914 vei
923 1849 985 1936 γᾶ,
1014 1841 1126 1916 vocali
1152 1841 1264 1942 longa
1281 1843 1318 1916 in

122 1969 212 2040 dues
247 1967 375 2040 breves
410 1969 567 2042 resoluta
598 1971 756 2065 ponitur.
803 1970 938 2044 Melius
972 1982 1095 2046 autem
1132 1973 1168 2044 in
1202 1972 1318 2044 altem

123 2097 250 2171 tomo‘
282 2107 364 2194 post
393 2097 599 2186 Kindium',
641 2097 862 2186 Ἀλκμεωνίδης
897 2124 917 2173 e
954 2101 1190 2174 marmoribus
1222 2100 1322 2176 Poti-

124 2233 254 2303 daeano
280 2241 391 2327 atque
420 2232 656 2306 Sandvicensi
681 2233 780 2306 citat.
836 2231 993 2306 Kiddius
1018 2233 1120 2307 addit
1144 2233 1322 2308 Timoclie

123 2361 284 2446 iocum⁸,
322 2363 490 2447 Ἀλκμέων’
523 2364 721 2458 deciduum.-
781 2363 854 2436 Sed
888 2365 956 2436 hoc
984 2389 1005 2435 e
1040 2365 1167 2435 scriboe
1201 2385 1323 2436 errore

121 2489 211 2562 oriri
239 2490 367 2584 potuit.
420 2491 696 2564 Observandum
732 2504 787 2564 est
817 2490 952 2562 nullum
981 2491 1184 2586 exemplum
1214 2489 1321 2588 hujus

120 2617 402 2716 permutationis
439 2644 461 2692 e
500 2644 677 2695 marmore
710 2621 863 2717 antiquo
891 2619 993 2693 citari
1030 2618 1097 2692 nisi
1133 2619 1171 2693 in
1204 2619 1318 2693 verbo

122 2748 361 2838 Ἀλκμεωνίδης.
411 2750 492 2823 Hoc
521 2775 610 2851 ergo
642 2762 801 2825 vetustos
836 2751 988 2825 Graecos
1023 2752 1090 2824 sibi
1120 2751 1323 2847 permisisse

125 2882 280 2955 minime
297 2882 542 2967 statuendum,
570 2882 638 2953 nisi
664 2882 766 2979 plura
784 2882 830 2954 de
850 2882 952 2953 modo
970 2882 1123 2977 antiquo
1139 2878 1323 2954 scribendi

125 3015 282 3088 verbum
309 3012 487 3092 Ἀλκμαίων
509 3012 694 3083 sciremus.
745 3012 935 3085 Eimsleius
953 3022 1075 3085 autem
1105 3013 1217 3107 (apud
1237 3010 1326 3084 Mit-

122 3139 332 3241 lingenum)
348 3164 502 3239 magnus
515 3151 642 3213 auctor
654 3141 749 3220 banc
759 3140 1061 3235 permutationem
1075 3142 1169 3235 apud
1185 3150 1325 3213 veteres

124 3274 271 3345 Atticos
289 3270 369 3344 fieri
388 3270 589 3356 confirmat,
610 3280 768 3343 attamen
787 3268 931 3342 nonnisi
946 3280 1029 3341 ante
1048 3270 1214 3353 vocalem,
1241 3292 1324 3365 quae

122 3402 154 3474 'si
191 3400 315 3473 brevis
338 3412 450 3485 esset,
486 3398 597 3496 longa
628 3398 747 3471 tiebat.
803 3398 991 3471 Etmsleins
1030 3410 1150 3469 tamen
1182 3392 1327 3471 nonnisi

123 3538 195 3626 γέα
221 3543 262 3605 et
286 3532 447 3611 Ἀλκμέων
470 3528 656 3600 advocatu

165 3748 176 3779 ¹
201 3745 325 3817 Knight.
339 3744 414 3817 apud
424 3739 528 3799 Clarke
544 3739 607 3797 itin.
620 3739 704 3796 Tom.
755 3744 875 3817 majores
890 3740 945 3799 ludi
959 3742 1064 3799 dudum
1085 3748 1148 3799 ante
1168 3740 1197 3798 id
1213 3748 1323 3815 tempus

123 3844 200 3900 VH.
214 3863 242 3917 p.
258 3847 305 3898 14.
755 3838 976 3896 instituebantur.
998 3836 1043 3894 ct.
1056 3836 1164 3895 Meurs.
1175 3836 1246 3895 Pan.
1256 3854 1281 3893 c.
1294 3840 1322 3892 ³.

127 3968 139 3979 -
163 3938 178 3971 ¹
200 3937 249 3993 Ct.
278 3934 405 4007 Harpoc.
427 3948 495 3988 voce
515 3925 704 4005 Παναθήναιμ·
794 3932 949 4007 ’Walpot
965 3932 987 3988 1.
1002 3951 1027 4007 p.
1039 3936 1108 3988 454.

122 4034 257 4089 Pauaan.
272 4028 359 4086 vlu.
373 4034 402 4085 2.
425 4026 532 4082 bisara.
548 4022 704 4083 Panatbeu·
794 4027 807 4058 ⁴
828 4026 914 4085 Voss.
924 4027 960 4083 ad
971 4023 1076 4083 Cetuil.
1086 4043 1114 4099 p.
1129 4028 1198 4093 291.

122 4150 151 4204 p.
164 4136 197 4187 2.
240 4125 349 4183 Nescio
371 4123 435 4198 quid
459 4120 642 4191 Miliingenus
664 4121 704 4193 (p.
793 4118 805 4148 ⁶
827 4117 1138 4177 Schol.Theoc.1.12.

120 4229 168 4290 4.)
183 4222 221 4279 de
239 4218 329 4277 Ludis
349 4216 503 4273 minoribus
521 4214 581 4271 sive
597 4212 705 4269 Annuis
795 4219 807 4251 ⁰
828 4214 947 4288 Walpol.
961 4216 1044 4270 ‘l'om-
1060 4210 1098 4268 11.
1113 4229 1139 4285 p·
1154 4212 1222 4276 597.

120 4311 393 4375 Athenoeiavocatis
405 4311 492 4367 donec
507 4311 627 4385 majores
642 4307 704 4380 (01.
727 4312 736 4331 ”
794 4311 805 4344 ⁷
828 4310 912 4370 Kidd.
927 4310 962 4365 ad
978 4310 1090 4366 Dawes.
1106 4304 1149 4363 M.
1164 4305 1198 4362 C.
1212 4302 1302 4379 p.'76.

120 4415 263 4485 ωιδ.)
272 4408 490 4474 instituerentur,
503 4414 600 4478 postea
611 4412 704 4459 autem
796 4400 946 4461 'Tumocb
982 4402 1055 4477 apud
1081 4400 1185 4458 Athea.
1214 4397 1269 4457 VI.
1296 4417 1322 4473 p.

120 4502 338 4563 Panathenaea.
363 4501 705 4558 Undenasnostrumante
758 4502 825 4555 223.
841 4496 879 4555 D.

121 4602 177 4661 01,
192 4618 276 4659 nur.
295 4598 418 4657 effictum
439 4613 500 4654 esse
519 4604 607 4671 putat.
651 4594 705 4651 Sed
796 4588 808 4620 ⁹
829 4589 872 4649 cf.
889 4588 1034 4648 Elmsl.ad
1051 4586 1232 4653 Bacch.337.
