3250 5350
861 527 907 598 26

631 753 782 833 Crass.
809 751 847 831 I.
901 751 1022 832 Nun.
1052 750 1138 834 IX.

802 902 947 976 VASA.

714 1101 805 1158 TAB.
822 1101 876 1159 lV.
911 1101 933 1156 F
937 1119 984 1160 ro.
1001 1101 1040 1156 ll.

813 1236 947 1281 -4-

289 1370 318 1422 l.
362 1355 604 1420 D’llancarvill.
628 1352 711 1418 Coll.
738 1358 776 1418 of
798 1355 858 1418 Gr.
877 1368 908 1418 et
942 1354 1065 1418 Etrusc.
1089 1353 1166 1416 Ant.
1194 1353 1224 1417 in
1248 1355 1300 1418 the
1332 1354 1417 1421 Coll.
1444 1364 1483 1423 of

335 1453 387 1519 Sir
402 1453 454 1518 W.
470 1452 646 1532 Hamilton‚
664 1452 704 1515 T.
718 1449 744 1515 l.
768 1477 800 1537 p.
819 1462 889 1522 157.
943 1453 1064 1517 Moses.
1081 1449 1260 1516 Tab.Vll.
1317 1463 1349 1517 2.
1393 1456 1476 1520 Mil·

333 1553 447 1636 lingen.
463 1549 617 1615 Taulv.
644 1574 677 1634 p.
693 1560 741 1613 ll.
807 1558 838 1613 8.
882 1550 1059 1634 Millingen.
1078 1547 1161 1613 Tab.
1173 1547 1252 1614 Vll.
1275 1575 1309 1635 p.
1326 1555 1376 1616 16.

361 1707 393 1763 1.
435 1687 485 1770 In
519 1701 588 1771 hoc
618 1721 702 1771 vase
729 1697 937 1794 depingitur
959 1695 1038 1791 apri
1068 1695 1222 1783 venatio,
1251 1707 1289 1770 ct
1324 1696 1473 1769 nomina

284 1843 493 1908 venatorum
525 1857 632 1928 supra
660 1831 777 1928 capita
804 1830 1021 1904 scribuntur.
1076 1831 1345 1904 Hancarvillius
1375 1842 1476 1905 recte

283 1952 342 2036 hic
359 1965 456 2035 haud
474 1963 709 2060 Calydonium
726 1965 751 2050 ¹,
777 1963 840 2034 sed
861 1962 1022 2034 italicam
1046 1966 1225 2060 quendam
1245 1965 1474 2037 venationem

286 2099 385 2193 (cum
403 2095 616 2190 Antiphatae
644 2104 862 2168 memoretur
889 2105 924 2165 et
952 2118 1013 2166 vas
1036 2118 1150 2191 prope
1167 2095 1332 2190 Capuam
1352 2118 1476 2191 reper-

284 2236 361 2296 tum
384 2223 445 2315 sit)
464 2222 524 2295 hic
550 2221 671 2320 effingi
691 2222 806 2317 primo
825 2231 1008 2294 statuerat.
1058 2220 1203 2294 Postea²
1230 2232 1364 2309 autem,
1391 2246 1474 2295 cum

285 2354 322 2426 in
350 2377 433 2428 vase
459 2353 678 2450 effinguntur
693 2351 815 2450 aquila
835 2349 959 2448 (αὲτός)
989 2362 1026 2423 et
1050 2351 1124 2424 avis
1143 2351 1201 2423 cui
1228 2375 1360 2446 nomen
1389 2352 1477 2438 Me·

283 2479 427 2578 leagris,
454 2479 741 2577 Hieroglyphica
770 2480 921 2576 quadam
954 2479 1092 2551 ratione
1125 2477 1337 2576 Calydoniae
1366 2505 1476 2554 vena-

283 2613 393 2688 tionis
416 2612 536 2686 locum
564 2609 769 2705 (AEtoliam)
796 2620 835 2681 et
856 2609 971 2704 ipsum
998 2607 1228 2707 Meleagrum
1251 2607 1392 2681 ostendi
1409 2633 1477 2705 pu·

285 2743 382 2816 tavit.
439 2740 523 2837 Ego
558 2738 763 2837 hujusmodi
803 2738 998 2834 aenigmata
1026 2738 1122 2809 haud
1157 2736 1333 2835 intelligo,
1360 2762 1475 2835 quare

287 2870 521 2943 llancarvillii
544 2870 655 2943 rerba
680 2870 718 2941 in
743 2869 955 2963 Appendice
979 2870 1141 2965 apposui.

361 3015 395 3073 2.
437 3000 480 3071 ln
506 3000 614 3097 hujus
629 2999 722 3073 rasis
742 3005 871 3093 (prope
889 3000 1130 3097 Agrigentum
1155 3000 1289 3096 reperti
1313 3010 1350 3074 et
1378 3006 1477 3097 apud

286 3125 533 3203 Hamiltonum
561 3123 707 3231 servati)
726 3124 838 3197 altero
868 3124 979 3198 latere
1004 3127 1227 3226 effinguntur
1249 3130 1320 3201 duo
1347 3131 1476 3205 heroes

286 3261 332 3333 de
364 3280 516 3354 corpore
546 3258 701 3351 quodam
735 3265 927 3342 certantes,
969 3256 1128 3331 Achilles
1165 3283 1216 3331 sc.
1252 3267 1288 3329 et
1323 3258 1476 3335 Hector.

287 3387 361 3460 Sed
380 3412 463 3460 cum
490 3387 529 3458 in
556 3385 669 3459 altero
691 3386 803 3456 latere
831 3382 1025 3481 effingatur
1050 3385 1190 3458 Aurora
1216 3389 1375 3483 (14205,
1404 3389 1479 3461 i.e.

286 3513 364 3605 rior)
397 3513 599 3588 Memnona
622 3514 804 3599 auferens,
832 3513 867 3584 in
892 3513 961 3584 hoc
985 3492 1099 3585 latere
1124 3536 1271 3611 quoque
1288 3540 1354 3610 pro
1379 3516 1480 3599 Hee-

287 3652 366 3715 tore
393 3642 594 3715 Memnona
620 3641 729 3715 scribi
756 3640 922 3714 debuisse
948 3652 1051 3737 putat
1067 3640 1318 3741 Millingenus.
1370 3642 1481 3733 Quod

288 3771 317 3843 si
334 3795 456 3844 verum
469 3770 528 3856 sit,
551 3793 680 3863 corpus
696 3768 877 3841 Antilochi
894 3782 998 3843 esset.

356 3913 393 3974 3.
438 3901 521 3974 Hoc
535 3924 596 3975 vas
613 3900 697 3972 olim
714 3901 810 3996 apud
828 3898 1007 3973 Comitem
1025 3901 1071 3973 de
1091 3901 1283 4000 Lamberg
1308 3902 1416 3975 hodie
1435 3904 1475 3977 in

289 4032 424 4105 Museo
437 4029 674 4126 Imperatorio
689 4028 843 4101 Viennae
861 4041 1036 4103 servatur.

331 4206 516 4264 ¹Pausanias
529 4208 579 4281 (X.
590 4209 654 4279 45.)
674 4204 787 4263 nomina
809 4205 858 4261 he·
949 4202 962 4229 ²
983 4202 1200 4261 D’Hanearvill.
1240 4206 1323 4262 Tom.
1363 4225 1408 4264 iv.
1450 4228 1480 4281 p.

290 4320 369 4358 roam
387 4302 415 4358 iu
429 4301 574 4358 venatione
588 4300 745 4377 Calydonia
763 4317 857 4356 recen·
910 4294 980 4356 206.

289 4404 342 4465 set,
356 4414 473 4470 quorum
493 4414 527 4452 ne
545 4415 615 4454 unua
629 4396 739 4472 quidem
761 4395 791 4450 in
803 4395 857 4451 hoc

288 4508 357 4548 vaae
381 4500 561 4546 memoretur.
602 4489 647 4546 ef.
674 4489 759 4546 Ouid.
785 4487 857 4543 Met.
947 4485 958 4517 ³
986 4484 1052 4539 Vox
1077 4484 1174 4540 eadem
1199 4484 1319 4540 occurrit
1346 4484 1375 4539 in
1413 4501 1482 4542 vase

291 4588 553 4643 vuemo-318.
595 4579 768 4657 Apollod.l.
785 4599 811 4638 c.
829 4586 856 4637 8.
908 4579 982 4654 apud
1009 4578 1117 4635 lllillin.
1142 4578 1286 4636 Peintures
1314 4579 1361 4637 des
1397 4596 1479 4635 voees

290 4680 413 4756 Hcygin.
428 4678 498 4736 Tab.
513 4684 579 4743 174.
909 4676 992 4733 Tom.
1006 4692 1044 4734 11.
1061 4690 1088 4748 p.
1101 4680 1147 4730 51.
1169 4674 1242 4739 Tab.
1252 4678 1301 4731 35.
