3250 5350
325 860 478 945 Causa.
505 861 597 947 III.
657 864 785 947 Sac‘r.
815 866 878 947 11.
936 866 1093 949 lusca.
1124 868 1207 953 XI.

392 1072 630 1149 MARMOR
655 1076 1009 1155 ELGINIANUM
1037 1082 1142 1155 V111.

652 1280 743 1339 TAB.
767 1282 896 1341 XXXV.
960 1290 965 1297 '

696 1504 846 1545 —4-

422 1702 545 1769 Osann.
568 1702 648 1786 Syll.
667 1726 701 1789 p.
717 1710 771 1767 82.
824 1704 913 1771 Mus·
927 1703 1004 1807 ¹Cut.
1026 1714 1094 1780 159.

246 1853 370 1943 Hauc
405 1868 631 1967 epigraphen
675 1868 933 1942 Atheniensem
978 1869 1104 1961 (hodie
1145 1873 1180 1943 in
1229 1872 1363 1947 Museo

168 1996 386 2071 Britannico
416 1994 650 2089 asservatam)
686 1998 732 2067 ad
761 1996 944 2091 publicum
982 2001 1162 2092 quoddam
1197 2025 1287 2098 opus
1317 2005 1364 2077 ab

165 2128 457 2201 Atheniensibus
508 2126 717 2199 suscitatum
764 2126 894 2198 referri
940 2128 1075 2201 dehere
1123 2131 1209 2205 satis
1252 2147 1363 2230 patet.

166 2260 343 2350 Quamuis
379 2256 504 2330 mutila
529 2256 587 2344 sit,
611 2256 734 2352 aliqua
761 2265 882 2327 tamen
913 2258 1025 2330 habet
1056 2260 1365 2340 animadversione

163 2395 264 2467 haud
300 2393 462 2489 indigna.
513 2388 727 2462 Notandum
763 2399 819 2461 est
852 2388 912 2461 hic
946 2400 1364 2499 uoacxtuatxuou)

161 2547 234 2621 pro
263 2548 308 2596 eo
338 2523 436 2619 quod
465 2519 727 2615 expectavisscs
760 2530 1138 2623 ΗΑΡΧΙΤΕΟΠΟΝ)
1169 2529 1300 2617 scribi;
1327 2544 1365 2605 et

160 2664 292 2752 postea
326 2675 450 2728 vocem
497 2658 598 2726 ΟΣΑ
642 2648 860 2746 aspiratione
892 2652 1039 2726 omnino
1080 2656 1226 2751 privari.
1273 2660 1364 2753 Quis

159 2782 446 2858 Atheniensium
491 2777 768 2852 inconstantiam
808 2780 845 2852 in
891 2782 960 2852 hac
997 2805 1038 2854 re
1073 2809 1146 2856 non
1175 2787 1262 2885 jure
1298 2791 1363 2862 mi·

158 2913 293 2990 ratur?
337 2913 503 2986 Marmor
551 2919 638 2983 ante
689 2910 985 3008 orthographiam
1031 2916 1258 2988 emendatam
1305 2917 1362 2990 in·

157 3047 335 3138 scriptum
363 3065 442 3112 essa
463 3038 573 3110 multa
597 3038 803 3109 ostendunt.
858 3044 893 3108 H
920 3062 952 3110 e.
965 3064 1005 3136 g.
1034 3063 1101 3134 pro
1127 3043 1360 3138 aspiratione,

156 3155 294 3251 breves
319 3175 461 3252 vocales
486 3197 552 3269 pro
580 3171 713 3269 longis,
739 3180 800 3246 ΧΣ
826 3194 892 3265 pro
918 3171 962 3241 Ξ.

240 3305 412 3378 Osaunus
441 3297 662 3398 Ulpianum¹
685 3299 898 3395 publicanos
925 3299 1008 3371 aeris
1031 3301 1184 3376 theorici
1210 3331 1233 3378 a
1258 3329 1360 3402 spec·

154 3436 339 3510 tatoribus
352 3434 390 3505 in
404 3433 544 3504 theatro
558 3427 719 3504 solvendi
733 3429 975 3526 ἀρχιτέκτονας
984 3433 1154 3528 appellari
1169 3436 1359 3508 docentem

153 3567 356 3652 advocans,
375 3566 469 3636 hanc
488 3561 754 3658 inscriptionem
772 3534 855 3655 quae
872 3563 1085 3655 ἀγωνοθέτας
1099 3578 1271 3639 memorat
1282 3592 1357 3640 rem

152 3695 351 3770 Scenicam
377 3703 539 3790 spectare
568 3700 682 3786 putat.
737 3689 780 3761 ln
806 3688 904 3761 linea
932 3695 1093 3765 secunda
1120 3695 1212 3794 legit
1233 3705 1358 3780 ΤΕΥΕ

154 3831 352 3906 ΜΙΚΥΘΟ
376 3832 413 3893 et
436 3831 561 3916 postea
585 3820 755 3892 mendose
784 3828 1136 3904 ΝΕΡΔΟΝΟΣΑΔ.

200 4037 209 4072 ¹
231 4039 345 4115 Ulpian.
358 4039 395 4096 ad
411 4037 559 4100 Demosth.
584 4047 593 4097 1
614 4033 733 4111 Olynth.
748 4053 776 4108 p.
791 4039 840 4093 13.
860 4035 914 4094 Ed.
928 4036 1012 4094 wou.
1045 4037 1090 4094 Cf.
1105 4038 1213 4098 uacua.
1228 4038 1312 4100 Tam.
1327 4039 1356 4102 Ι.

699 4147 726 4204 p.
741 4135 811 4194 987.
