3250 5350
129 494 262 563 lrncs.
284 484 334 579 1.]
697 498 764 559 221
826 588 840 601 .

19 746 21 753 ,
130 663 323 740 Numeros
340 661 483 758 aliquos
498 664 540 754 (d
559 660 641 735 dico
662 673 700 737 et
717 660 748 773 i)
767 684 867 735 nunc
883 661 987 758 quasi
1003 660 1126 740 literas
1147 659 1330 749 babuisse,

131 805 174 867 et
204 793 357 891 singulis
387 814 491 867 sunm
521 792 639 865 locum
674 792 843 867 tribuisse
873 793 1054 880 uidentur,
1084 815 1181 865 nunc
1210 800 1330 865 autem

130 924 278 997 duobus
295 924 469 1009 tribusve,
487 923 544 996 val
562 922 670 996 etiam
697 933 865 1021 quatuor,
894 946 967 996 non
994 922 1063 995 nisi
1090 923 1198 997 unius
1217 921 1334 994 iiteroe

20 1115 21 1133 2
129 1052 256 1125 boum
271 1052 425 1125 dedisse.
470 1050 654 1137 Praeterea
669 1054 821 1128 eandem
839 1075 915 1127 rem
933 1052 1029 1125 baud
1046 1074 1191 1148 semper
1205 1050 1334 1123 eodem
1481 1111 1484 1116 Α

132 1186 246 1261 modo
262 1183 454 1281 scripsere.
485 1187 612 1280 Χρυσίς
628 1184 783 1281 exempli
799 1184 929 1281 gratia,
946 1188 1073 1281 Χρυσίς
1097 1192 1126 1269 1,
1150 1195 1188 1257 et
1209 1184 1336 1280 Χρυσίς

129 1318 195 1399 μία
216 1315 370 1389 eandem
395 1336 471 1387 rem
489 1290 678 1400 denotant,
706 1316 803 1411 quod
827 1314 961 1386 dictum
988 1326 1076 1411 puta
1101 1317 1148 1388 de
1172 1310 1336 1412 Χρυσίδι,

136 1444 289 1545 Χρυσίδα
313 1454 362 1535 11,
397 1458 435 1520 et
460 1444 607 1544 Χρυσίδα
635 1442 702 1521 δύο.
749 1448 932 1522 Praeterea
962 1472 1061 1521 nunc
1086 1456 1202 1536 ταῦτα,
1234 1470 1334 1521 nnnc

134 1609 226 1649 τοτα
259 1586 298 1647 et
330 1576 459 1649 similia
493 1575 684 1662 dic‘ebant;
732 1598 829 1647 nunc
862 1578 1008 1674 κρανίῳ,
1038 1600 1138 1650 nunc
1170 1579 1335 1673 πρανηίφς

133 1708 280 1781 literam
297 1740 324 1805 χ
343 1706 381 1779 in
398 1706 655 1803 praepositione
680 1704 856 1803 ξυνίχσαν)
873 1706 1068 1803 aliquando
1085 1707 1336 1807 negligebant.

133 1834 369 1937 Hsecautem
396 1833 516 1907 omnia
537 1838 634 1929 (cum
661 1835 755 1907 idern
784 1834 971 1909 literarum
999 1858 1171 1912 numerus
1197 1834 1235 1909 in
1260 1859 1336 1910 om·

135 1964 249 2037 nibus
269 1963 376 2036 lineis
393 1964 607 2063 injiciendus
623 1962 685 2056 sit)
705 1972 859 2061 quantas
883 1966 973 2037 dent
987 1966 1122 2053 turbas,
1134 1965 1230 2037 baud
1243 1986 1338 2061 opus

137 2101 198 2165 est
224 2092 358 2167 dicere.
410 2090 595 2163 Praeterea
627 2089 771 2187 plurimi
795 2112 937 2163 errores
962 2090 1183 2186 sculptorum
1214 2089 1253 2163 in
1281 2090 1338 2165 bis

138 2219 380 2293 marmoribus
414 2220 657 2315 reperiuntur.
712 2218 754 2291 ln
784 2228 889 2313 parte
913 2219 1075 2291 secunda
1103 2219 1216 2320 bajus
1241 2243 1337 2294 mar-

138 2345 251 2421 moris
269 2346 311 2443 (1.
326 2344 406 2439 25.)
428 2345 541 2419 rerba
555 2346 706 2432 σταθμία
728 2347 861 2417 ταύταν
875 2343 1089 2418 omittuntur
1099 2373 1111 2432 ;
1146 2348 1229 2419 etsi
1247 2346 1338 2421 fides

139 2474 366 2559 Chandlero,
397 2505 501 2557 ταμια
531 2495 597 2569 pro
618 2478 731 2559 ταμίαι
759 2470 797 2569 (l.
817 2473 871 2561 2.)
900 2482 937 2543 et
963 2474 994 2543 αἱ
1023 2493 1092 2567 pro
1118 2474 1166 2549 <iro
1193 2474 1232 2568 (l.
1256 2475 1336 2568 32.)

116 2605 321 2682 scribitur.
374 2602 418 2676 ln
455 2626 632 2677 marmore
663 2601 837 2690 secundo,
864 2603 992 2677 σταθόν
1021 2625 1089 2700 pro
1111 2601 1273 2691 σταθμὸν,
1300 2616 1338 2680 et

59 2793 63 2801 .
135 2737 280 2822 ’nam
296 2759 365 2836 pro
379 2733 551 2820 Ἀθηναίας
571 2730 730 2830 ponitur.
784 2731 855 2804 Vix
880 2756 971 2832 ergo
997 2732 1197 2810 mirandum
1226 2747 1282 2810 est
1306 2739 1336 2812 si

136 2864 206 2940 ubi
224 2866 337 2966 major
353 2888 437 2961 pars
460 2864 568 2938 linere
595 2865 707 2951 deest,
732 2886 816 2962 quoe
834 2864 966 2937 desunt
983 2867 1030 2937 ad
1057 2865 1226 2939 amussim
1254 2891 1338 2965 sup·

134 2997 242 3095 plere
273 3018 510 3093 nequeamus,
551 2993 751 3090 praesertim
789 2994 854 3068 ubi
885 2996 964 3091 ipsa
1005 3020 1184 3072 marmora
1217 2999 1339 3074 ridere

135 3125 240 3197 haud
268 3122 468 3222 contingat,
500 3145 582 3193 cum
613 3122 648 3192 in
684 3121 904 3220 apographis
941 3123 1052 3198 muita
1089 3127 1219 3200 menda
1242 3150 1339 3225 saepe

135 3255 264 3329 insint.
317 3252 558 3335 Cbandlerus,
577 3251 734 3346 exempli
750 3251 882 3350 gratia,
900 3250 947 3333 jn
973 3254 1042 3327 boc
1062 3255 1140 3350 ipso
1163 3277 1341 3327 marmore

137 3380 203 3480 (P.
221 3380 273 3453 11.
301 3381 325 3453 l.
342 3377 401 3454 16.
428 3378 560 3472 ct31.)
589 3399 713 3452 vocem
739 3389 855 3465 ταμίαι
886 3382 936 3453 ita
962 3383 1084 3478 posuit
1104 3385 1224 3476 ut'(id
1242 3384 1340 3479 quod

133 3533 287 3606 semper
305 3508 381 3604 fiat)
400 3533 516 3582 novus
540 3506 725 3604 catalogus
750 3531 772 3580 a
797 3532 890 3582 nova
914 3509 1012 3583 linea
1036 3513 1147 3586 ordiri
1171 3522 1341 3610 nequeat.

132 3641 226 3740 Ego
243 3641 280 3713 in
309 3639 508 3739 supplendo
537 3637 627 3711 nibil
655 3638 771 3710 ferse
795 3642 1005 3740 conjectura
1032 3642 1152 3740 injeci,
1179 3643 1242 3715 sed
1269 3640 1348 3746 alia

131 3774 294 3850 aliorum
314 3796 383 3868 ope
400 3769 571 3867 suppievi.
625 3768 731 3859 Quod
750 3768 861 3842 semel
878 3770 1010 3844 dictum
1034 3772 1120 3847 satis
1147 3773 1203 3850 sit.
1249 3775 1339 3847 Om-

131 3905 203 3981 nia
222 3903 320 3979 enim
338 3901 589 3999 supplementa
601 3899 698 3971 unde
712 3899 874 3972 hauriam
891 3901 1051 3975 indicare
1067 3904 1217 4002 longum
1235 3915 1339 3977 esset.

132 4032 251 4123 Quod
286 4029 441 4127 primum
472 4027 621 4112 ἀνάθημα
653 4025 793 4116 attinet,
826 4029 980 4126 exempli
1011 4033 1141 4128 gratia,
1175 4033 1211 4103 in
1241 4029 1283 4104 P.
1305 4032 1338 4104 l.

129 4163 222 4238 Cat.
242 4175 276 4234 l.
303 4161 481 4258 reliquum
505 4168 561 4230 est
581 4167 720 4230 tantum
741 4155 959 4237 xffiAAM
969 4188 999 4260 ;¹
1018 4161 1056 4234 in
1087 4161 1132 4234 P.
1147 4162 1176 4234 Ι.
1205 4159 1327 4233 Cata

126 4292 290 4368 omuino
309 4292 429 4378 deest;
458 4290 492 4362 in
521 4285 562 4360 P.
581 4287 608 4360 1.
637 4287 764 4360 Cat.3.
788 4285 944 4383 legimns
968 4287 1070 4371 TPE,
1085 4288 1336 4357 ΣΤΑΘΜΟΝ

125 4414 673 4490 ΤΟΥΤΟΝ....ΔΔΔΔΗ·.-
685 4443 696 4500 ;
731 4414 768 4486 in
788 4413 831 4486 P.
851 4415 880 4490 l.
907 4421 986 4491 Cat.
999 4435 1032 4490 4.
1058 4429 1174 4491 totum
1191 4415 1340 4503 ἀν’άθημα

125 4553 254 4625 deest.
310 4547 352 4618 ln
381 4547 422 4618 P.
444 4543 496 4618 ΙΙ,
515 4543 595 4616 Cat.
616 4557 645 4614 l.
665 4543 820 4641 legimns
837 4540 1285 4636 Ouxxmdoodtrte,
1300 4547 1339 4621 in
