3250 5350
1252 428 1425 539 [Causa.
1445 444 1505 513 lll-

484 914 634 997 Cnass.
662 915 752 995 III.
807 914 933 993 Sucr.
961 910 1031 1006 II.x
1078 909 1231 991 lusca.
1258 908 1326 988 ΙΙ.

553 1138 789 1211 MARMOR
830 1066 1175 1209 lllllGlNlANUM
1202 1133 1253 1204 11.

708 1322 808 1391 'TAB.
831 1331 946 1401 XXVI,
967 1330 1101 1385 xxvll.

824 1533 959 1587 ..¹4-

555 1710 600 1791 ¹P.
616 1722 644 1788 I.
677 1724 796 1789 Osann.
821 1749 855 1808 p.
870 1730 922 1787 50.
964 1722 1006 1785 P.
1023 1720 1068 1786 11.
1097 1719 1147 1785 ld.
1174 1719 1255 1785 lbid.

391 1862 486 1951 Hoc
525 1902 684 1953 marmor
716 1882 830 1979 (quod
867 1883 913 1953 ab
947 1894 1102 1976 utroque
1138 1882 1252 1953 latere
1286 1880 1386 1953 sicut
1422 1906 1513 1978 prae-

315 2010 447 2080 cedens
481 2007 695 2104 inscriptum
725 2011 794 2101 est)
832 2010 901 2082 hoc
939 2011 1018 2106 ipso
1046 2033 1143 2081 anno
1176 2008 1349 2081 Qaunus
1379 2009 1513 2105 publici

308 2139 403 2237 juris
428 2138 563 2234 primus
592 2138 689 2211 lecit.
744 2140 862 2213 Miror
892 2151 1012 2213 autem
1048 2140 1230 2211 hominem
1266 2162 1387 2209 meum
1428 2162 1514 2233 apo

313 2268 492 2365 graphurn
523 2268 618 2363 apud
650 2291 688 2339 se
713 2268 918 2355 habentem,
949 2291 1018 2340 uec
1049 2277 1170 2337 muron
1196 2255 1277 2363 ejus
1302 2289 1370 2361 ope
1402 2286 1514 2335 suurn

315 2398 522 2473 foedissimis
540 2398 679 2471 mendis
706 2400 843 2497 ubique
868 2411 1010 2473 scatens
1035 2400 1290 2497 corrigentem.
1340 2394 1513 2490 Exempli

313 2658 509 2728 secundam
538 2665 653 2736 vocat,
683 2656 847 2751 quamvis
876 2656 915 2727 iu
940 2656 999 2727 illa
1026 2680 1156 2752 pauca,
1188 2654 1226 2725 iu
1250 2654 1364 2726 altera
1386 2662 1512 2725 autem

313 2783 422 2878 longe
453 2783 556 2876 plura
582 2781 732 2853 donaria
760 2783 968 2870 recitantur,
996 2783 1118 2854 omisit
1147 2782 1184 2853 in
1211 2781 1329 2875 prima
1354 2780 1452 2851 linea
1474 2784 1511 2852 ἐκ

315 2912 545 2990 Παναθηναῖων
574 2907 607 2978 ἐς
641 2907 863 2989 Παναθήναια.
915 2911 960 2980 In
995 2910 1155 2980 secunda
1186 2918 1301 3002 parte,
1343 2909 1379 2978 in
1411 2906 1513 2979 linea

313 3035 419 3108 tertia
450 3035 571 3106 literas
600 3042 694 3106 Πολυ
724 3037 821 3107 haud
852 3037 962 3125 vidit,·
1002 3039 1040 3109 in
1065 3037 1162 3108 linea
1190 3034 1318 3131 quinta
1336 3060 1383 3106 ne
1402 3061 1512 3110 unam

315 3166 461 3263 quidem
487 3164 652 3249 literam3
682 3165 717 3235 in
735 3165 832 3238 linea
849 3167 1001 3261 septima
1028 3188 1153 3238 vocem
1182 3162 1310 3259 Λύχνος
1333 3166 1459 3236 omisit
1477 3177 1514 3237 et

1575 364 1586 440 l

1579 898 1586 938 l

1577 1985 1586 2045 l

1578 2078 1586 2116 l

1577 2159 1586 2256 l

1578 2430 1586 2485 l

313 2526 444 2625 gratia,
457 2528 493 2598 in
508 2526 623 2623 prima
640 2527 805 2598 columna
824 2552 932 2623 quarn
946 2528 1013 2599 iste
1029 2528 1128 2622 (quae
1144 2537 1201 2599 est
1217 2525 1295 2622 ejus
1312 2524 1510 2621 sagacitas)

316 3319 428 3368 esuo
461 3295 609 3392 ingenio
637 3295 758 3392 φιάλαι
784 3293 895 3366 dedit.
947 3289 1056 3363 Plura
1084 3293 1247 3386 prolerre
1280 3298 1512 3388 supersedeo.
1584 3370 1586 3403 ἶ

317 3420 512 3493 Marmoris
539 3431 659 3492 autem
685 3421 803 3490 hiatus
821 3421 857 3491 in
881 3417 1060 3513 explendo
1082 3419 1179 3489 haud
1195 3416 1349 3490 feliciori
1365 3419 1514 3494 fortuna

316 3557 410 3626 usus'
431 3563 485 3624 est
503 3575 610 3648 quam
643 3553 681 3624 in
711 3549 950 3624 exscribendo
985 3549 1146 3646 quamvis
1169 3573 1214 3621 eo
1235 3551 1343 3620 modo
1368 3551 1513 3640 fecerit,

317 3683 429 3779 quisi
456 3705 560 3753 verus
587 3691 694 3768 esset,
721 3670 811 3752 nihil
834 3688 930 3751 esset
956 3679 1095 3751 facilius
1124 3701 1232 3774 quam
1259 3677 1516 3773 supplementa

315 3808 496 3906 expedire.
550 3807 658 3881 Haud
686 3810 782 3880 enirn
815 3811 969 3881 eundern
999 3809 1182 3882 literarum
1210 3833 1405 3883 numerum
1435 3838 1516 3886 orn·

315 3942 422 4015 nibus
455 3937 560 4009 lineis
594 3938 658 4009 sed
691 3938 848 4010 diversos
881 3960 947 4032 pro
980 3938 1129 4010 arbitrio
1163 3937 1307 4010 tribuit!

390 4073 434 4142 In
467 4067 537 4140 hoc
572 4090 748 4141 marmore
779 4078 1013 4140 recensentur
1040 4068 1191 4141 donaria
1218 4067 1256 4139 in
1286 4068 1424 4142 Autico
1458 4096 1517 4145 as·

316 4209 464 4272 servata.

391 4327 432 4396 P.
453 4341 483 4396 1.
503 4327 526 4398 l.
548 4339 601 4412 19.
644 4325 737 4412 Quae
762 4321 822 4394 hic
845 4323 991 4418 ponitur
1016 4347 1086 4396 vox
1104 4319 1312 4414 Καλκιδικον,
1336 4323 1374 4395 in
1395 4323 1517 4398 latere

315 4459 428 4532 altero
451 4479 593 4550 semper
610 4455 795 4529 omittitur.
