3250 5350
272 450 344 521 lviii
753 479 1093 529 auouaaouaus.

272 638 381 700 autea
415 630 567 702 ineditas
601 632 736 726 publici
765 634 861 731 juris
898 634 1020 721 faciat,
1057 635 1157 730 parvi
1191 635 1316 706 refert.
1382 634 1465 732 Ego

273 769 384 844 certe,
412 758 474 856 qui
494 784 590 842 meas
608 762 786 836 chartulas
812 764 976 837 Biickhio
997 765 1177 851 dederam,
1202 767 1354 837 Osauno
1374 787 1465 859 quo·

274 907 347 981 que
372 885 509 978 petenti
533 885 699 957 lubenter
721 887 910 960 dedissem.
962 889 1032 960 Vix
1047 898 1167 962 autem
1186 888 1327 962 videtur
1349 888 1465 960 libero

274 1015 420 1088 homine
437 1017 586 1114 dignum
608 1027 660 1102 ut,
688 1041 767 1089 mea
794 1019 900 1090 venia
929 1020 1024 1090 haud
1047 1019 1248 1113 impetrata,
1275 1041 1356 1092 mea
1372 1018 1466 1114 pub·

274 1143 332 1212 lici
352 1145 447 1240 juris
473 1145 594 1230 faciat,
620 1155 765 1217 stante
793 1171 850 1218 me
877 1147 966 1218 meis
1002 1148 1157 1218 utatur¹.

339 1273 422 1344 Jam
441 1298 556 1369 pauca
580 1275 699 1345 forsan
719 1275 763 1345 de
787 1274 965 1369 prioribus
989 1273 1263 1369 inscriptionum
1288 1275 1467 1347 thesauris

146 1457 151 1468 ,
275 1427 455 1498 apponere
473 1404 626 1476 decebit.
679 1404 796 1492 Quam
821 1429 896 1476 rem
923 1403 1029 1500 plene
1054 1403 1123 1475 sibi
1141 1404 1360 1474 tractandam
1383 1427 1467 1497 pro·

275 1553 443 1636 posuerat
488 1541 659 1624 Maffeius
703 1540 741 1610 in
785 1539 892 1610 tertio
925 1538 1016 1610 libro
1062 1537 1160 1609 Artis
1201 1561 1276 1610 suae
1318 1538 1467 1610 Criticae

277 1671 490 1766 lapidariae,
532 1681 645 1743 morte
687 1679 807 1740 autem
853 1677 1052 1762 praereptus
1096 1666 1343 1763 imperfectam
1383 1660 1468 1740 reli-

278 1797 368 1892 quit.
438 1798 544 1886 Quod
589 1819 696 1868 nemo
741 1794 855 1891 magis
894 1817 1001 1890 quam
1049 1816 1121 1890 ego
1168 1794 1292 1866 dolere
1336 1803 1466 1890 potest.

278 1926 416 1998 Multos
448 1926 543 1996 euim
573 1926 683 1998 libros
718 1925 814 1995 haud
852 1924 977 1995 dubito
1012 1925 1099 2019 quin
1135 1922 1305 1994 Maffeius
1339 1945 1468 1995 recen-

277 2053 418 2138 suisset,
447 2051 530 2123 mihi
562 2053 600 2128 in
629 2055 696 2124 hac
726 2053 897 2124 librorum
926 2053 972 2122 ad
1001 2074 1076 2123 rem
1102 2051 1341 2146 antiquarium
1365 2074 1469 2145 spec·

277 2181 427 2256 tantium
474 2183 570 2276 apud
618 2181 812 2253 Britannos
862 2178 1013 2275 penuria
1056 2179 1205 2272 omuino
1248 2178 1467 2274 incognitos,

278 2313 420 2384 eosdem
454 2287 574 2383 autem
603 2334 743 2384 summo
773 2309 891 2381 fructu
918 2309 1071 2379 refertos
1103 2319 1140 2381 et
1165 2309 1209 2379 ad
1241 2331 1356 2379 meam
1388 2330 1465 2379 rem

277 2439 465 2535 plurimum
503 2439 688 2514 facientes.
742 2438 915 2509 Lectores
949 2445 1083 2520 autem,
1120 2460 1202 2509 cum
1238 2435 1469 2508 meminerint

268 2583 385 2666 ‘quam
412 2567 518 2664 pauci
553 2567 755 2666 hujusmodi
791 2564 873 2639 libri
902 2578 966 2639 aut
996 2566 1032 2637 in
1062 2563 1290 2637 bibliothecis
1320 2564 1468 2636 Britan·

278 2700 369 2769 nicis
390 2710 453 2769 aut
476 2700 511 2769 in
543 2698 734 2770 Britannia
749 2700 910 2782 omnino,
929 2696 1056 2791 quovis
1072 2694 1189 2791 pretio
1218 2694 1373 2779 venales,
1403 2716 1467 2764 ex-

280 2836 368 2910 tent,
393 2849 499 2919 spero
524 2827 610 2897 mihi
628 2851 709 2897 cum
729 2826 921 2897 multarum·
937 2849 1057 2897 rerum
1074 2825 1112 2897 in
1132 2826 1210 2920 ipso
1230 2846 1341 2919 opere
1358 2823 1467 2920 iguo-

280 2949 431 3020 rantiam
467 2961 504 3021 et
529 2950 753 3044 imperitiam,
788 2961 864 3022 tum
893 2954 928 3023 in
958 2954 1029 3024 hoc
1061 2953 1239 3049 Catalogo
1273 2951 1467 3023 multorum

279 3077 452 3151 librorum
475 3078 703 3151 omissionem
722 3102 800 3149 esse
819 3079 1093 3151 condonaturos.
1144 3078 1229 3151 Nec
1245 3064 1391 3175 quidem
1422 3104 1470 3152 ea

280 3206 367 3279 mihi
386 3234 486 3281 mens
504 3218 614 3280 estut
630 3230 754 3279 omnes
770 3208 892 3296 libros,
910 3208 946 3279 in
964 3208 1095 3302 quibus
1109 3208 1362 3303 inscriptiones
1378 3232 1468 3281 con-

279 3340 453 3424 tinentur,
482 3361 686 3423 memorem,
721 3360 803 3408 cum
838 3339 913 3431 ipse
948 3337 1119 3409 Maffeius
1147 3336 1258 3409 alibt¹
1288 3339 1471 3435 inscripti-

280 3481 369 3529 ones
395 3479 460 3553 per
485 3470 655 3531 sexcenta
678 3458 859 3552 dispersas
888 3480 967 3529 esse
998 3458 1177 3530 volumina
1201 3470 1299 3531 recte
1326 3459 1468 3534 doceat.

280 3585 489 3657 Thesauros
517 3596 653 3658 tantum
680 3585 953 3681 inscriptionum
985 3607 1066 3657 curn
1094 3583 1292 3658 Itinerariis
1322 3588 1469 3659 maximi

282 3713 452 3784 momenti
478 3722 514 3785 et
538 3713 662 3808 paucis
686 3711 764 3784 aliis
788 3735 983 3786 recensere
1006 3711 1098 3785 volo.

322 3982 331 4015 ¹
354 3984 485 4041 Osannus
499 3985 593 4040 omnia
610 4002 783 4043 marmorum
800 3986 848 4041 El·
897 3988 969 4043 mori
990 3990 1157 4047 commissas
1177 3992 1309 4066 descripsi
1327 4013 1392 4051 cum
1405 4014 1472 4070 per·

280 4077 454 4151 giniauorum
467 4078 629 4152 apographa
641 4079 677 4134 ad
689 4080 847 4137 Bdchhium
897 4084 992 4155 paucis
1027 4082 1099 4141 aliis.
1159 4086 1335 4154 Quantulum
1372 4101 1470 4150 autem

281 4168 379 4242 missa,
399 4190 417 4227 a
438 4188 484 4227 me
498 4169 573 4227 lacta
587 4189 646 4228 esse
664 4172 793 4229 arbitrari
806 4173 849 4229 vi·
896 4172 1050 4232 fructuma
1071 4178 1143 4235 meis
1161 4178 1301 4239 laboribus
1316 4185 1475 4258 perceperit

280 4260 370 4320 detur.
423 4264 556 4320 Maxima
592 4273 685 4321 autem
725 4282 789 4338 pars
829 4284 849 4322 a
898 4266 1042 4340 Osannns,
1063 4274 1192 4349 epagina
1205 4272 1276 4337 226.
1290 4276 1440 4337 constabit.

154 4350 158 4358 '
280 4352 317 4414 T.
329 4352 360 4416 S.
375 4355 471 4414 Evans
484 4357 559 4416 lacta
573 4364 623 4417 cst.
659 4358 720 4432 Ego
734 4358 850 4435 inscrip·
936 4360 1053 4429 'Maffi
1070 4368 1100 4427 in
1120 4371 1206 4431 Prael.
1221 4372 1300 4435 Mus.
1316 4374 1421 4434 Veron.
1437 4394 1472 4450 p.

278 4447 366 4508 dones
389 4457 499 4508 tantum
522 4458 585 4509 ants
608 4450 753 4511 Euclidem
774 4472 852 4511 mar·
901 4474 964 4516 vu.
