3250 5350
586 470 929 547 ruouucousus.
1228 475 1348 547 xxxvii

155 651 353 726 faciliorem
380 653 580 727 mutabunt.
633 657 776 730 Deinde
804 657 995 742 venustati,
1022 667 1062 728 ut
1084 655 1237 744 ridetur,
1261 683 1350 731 con·

156 783 315 857 sulcntes
339 785 494 860 alterum
523 786 615 860 lutus
643 791 861 884 produxere,
888 813 936 861 ne
951 787 1055 861 literu
1076 787 1124 860 ub
1147 813 1221 862 unu
1247 803 1351 886 purte

155 914 387 987 claudicaret.

231 1057 370 1130 Literae
405 1059 490 1130 Rho
521 1059 638 1132 forma
672 1059 852 1134 recentior
884 1069 913 1132 P
946 1061 1142 1156 paullulum
1176 1063 1223 1135 ub
1255 1065 1350 1136 enti·

64 1187 68 1196 '
155 1186 278 1281 quiuri
296 1191 323 1267 Ρ
340 1185 488 1258 deflexit
514 1212 620 1285 quum
647 1189 767 1270 inlini
794 1191 833 1261 iu
855 1187 994 1262 ltuliurn
1012 1213 1134 1261 securn
1166 1190 1350 1266 invexere.
1482 1182 1498 1207 ⁸

158 1322 214 1394 Eu
243 1323 360 1393 formu
388 1323 423 1392 in
461 1347 637 1396 marmore
664 1325 867 1422 Wreyiuuo
898 1333 1008 1397 extet.
1060 1323 1130 1396 Sed
1158 1349 1230 1424 ego
1254 1327 1351 1399 huud

158 1449 288 1521 dubito
321 1451 488 1540 (letinae
518 1451 640 1524 literas
676 1451 886 1548 respiciens)
917 1452 1005 1547 quin
1041 1454 1201 1526 omnium
1234 1467 1353 1529 retus·

158 1581 299 1654 tissime
332 1581 447 1655 forrnu
481 1583 592 1656 fuerit
624 1593 666 1656 R.
718 1583 865 1658 Cauds¹
897 1584 1079 1681 peullntirn
1112 1584 1352 1672 minuebatur,

159 1722 197 1780 et
231 1720 360 1804 postea
388 1710 538 1782 omnino
576 1712 707 1784 omissa
746 1722 812 1784 est.
870 1713 996 1784 Medic
1028 1713 1193 1808 quoeduru
1226 1713 1351 1804 formu,

160 1835 219 1908 cui
255 1838 372 1909 csudu
405 1861 472 1909 nec
501 1839 619 1914 omnis
654 1849 780 1932 erepta
813 1849 880 1924 est,
907 1862 976 1911 nec
1005 1839 1121 1911 omnis
1147 1853 1280 1929 munet,
1313 1843 1351 1914 in

160 1961 317 2037 nummis
342 1964 557 2059 quibusdum
586 1965 836 2062 Agrigentinis
860 1965 1115 2060 conspicitur².

238 2092 413 2180 Quaenum
432 2092 599 2164 elernenti
619 2099 647 2164 Σ
668 2091 784 2162 forma
804 2091 1042 2164 vetustissime
1059 2093 1181 2181 luerit,
1207 2097 1237 2167 si
1261 2120 1353 2169 mur·

161 2247 263 2295 mure
298 2233 439 2294 tantum
477 2223 721 2316 respiciemus,
755 2221 853 2293 (lictu
887 2232 942 2294 est
976 2221 1130 2296 difficile.
1190 2223 1234 2296 ln
1268 2251 1353 2299 usse

163 2350 427 2434 Dodwellieno,
457 2373 632 2423 murmure
663 2349 854 2435 larisseo,
880 2359 920 2422 et
948 2351 1053 2446 galee
1083 2351 1269 2441 Freriuns,
1298 2379 1354 2428 rue

155 2489 299 2586 judice,
326 2487 553 2584 pervetustis,
581 2488 696 2559 formu
726 2495 766 2557 M
799 2486 858 2557 rel
897 2494 927 2554 Μ
963 2494 1134 2578 uppuret;
1164 2486 1203 2555 in
1236 2488 1356 2560 tabule

162 2621 269 2705 Eleu,
310 2631 352 2701 t
387 2628 424 2692 et
464 2618 554 2718 ᾖ
601 2619 640 2690 in
679 2637 856 2689 murmure
895 2613 1099 2710 Wruyiuuu
1135 2616 1235 2709 quod
1268 2616 1353 2689 iteur

162 2752 321 2847 speciem
353 2774 429 2845 prae
460 2776 499 2823 se
543 2750 613 2821 sert
644 2772 791 2821 summae
817 2746 1011 2831 vetustatis,
1046 2750 1095 2833 Σ,·
1128 2759 1165 2820 et
1197 2747 1356 2845 denique

162 2882 199 2951 in
246 2903 426 2953 marmore
467 2878 578 2975 Sigeo
613 2876 879 2971 conspiciturs
911 2884 950 2947 et
983 2872 1019 2960 3,
1054 2898 1098 2946 eu
1130 2874 1207 2969 ipsu
1240 2877 1355 2951 formu

164 3032 271 3103 quum
313 3006 517 3078 luculenter
558 3004 734 3100 expressit
774 3002 965 3097 Euripides
997 3000 1035 3071 in
1077 3000 1216 3073 Thesei
1253 3004 1353 3101 frug·

164 3156 286 3218 rnento
321 3168 431 3240 supra
464 3145 648 3229 advocato,
682 3140 876 3237 βόστρυχός
909 3170 961 3212 τις
994 3140 1188 3231 εἱλιγμένος.
1236 3140 1285 3211 Et
1317 3143 1353 3212 in

163 3273 320 3345 nummis
344 3270 584 3345 Messeniacis
607 3268 824 3364 pervetustis
842 3266 994 3364 legimus
1016 3264 1226 3351 MEZZEN„
1251 3265 1356 3337 litere

165 3412 199 3490 S,
226 3412 382 3474 nevere
410 3400 641 3471 Burmannus
651 3398 679 3481 ⁴,
704 3396 807 3467 aliter
835 3414 949 3465 versu.
990 3390 1187 3462 Osuunus⁸
1209 3390 1353 3487 quidem

166 3553 286 3626 nuper
332 3536 354 3597 S
400 3526 457 3599 rel
504 3528 540 3593 Μ
586 3524 870 3620 antiquissimum
912 3520 1062 3592 sormunt
1098 3543 1177 3591 esse
1210 3520 1354 3605 statuit;

205 3751 284 3809 ¹Cs.
304 3752 440 3810 Burman.
460 3754 580 3809 udcalc.
597 3752 736 3810 D’Orvill.
791 3770 992 3811 xxruxxx.
1012 3758 1041 3818 9.
1084 3749 1355 3829 Kniglrt.deAlplr.

166 3849 220 3906 Sic.
244 3868 272 3923 p.
292 3853 362 3905 35⁰.
405 3848 597 3922 Havercsmp.
616 3848 650 3904 de
673 3848 737 3905 Vct.
790 3846 844 3906 Gr.
857 3845 930 3903 Tub.
947 3863 970 3902 1.
985 3850 1014 3900 5.

166 3944 220 4001 Lit-
234 3948 330 4003 Graec·
350 3960 375 3999 θ·
392 3960 465 3999 ΧΠ·
487 3951 597 4017 itm·
639 3943 739 4001 Tm
827 3980 906 4037 ⁴Cl.
920 3982 1056 4038 Burman.
1076 3979 1123 4036 ubi
1137 3996 1222 4053 supra
1242 3994 1270 4049 p·
1285 3973 1354 4042 996-

164 4056 255 4143 ΠΨΜ
280 4037 369 4093 'nm'
394 4036 525 4093 pamm
545 4054 572 4109 μ’
587 4041 635 4100 73'
677 4035 738 4092 νῆ’
787 4076 859 4133 st.
886 4076 1007 4133 Numm.
1042 4076 1115 4149 apud
1144 4072 1217 4131 Poll.
1251 4070 1357 4130 Ouom.

164 4129 544 4203 hmmcd'ffl'n'p'
563 4125 628 4186 ,σθ’
786 4172 869 4227 Tum.
898 4186 938 4226 rr.
967 4190 994 4243 p.
1023 4166 1111 4227 1126.
1158 4168 1254 4225 Purut.
1281 4170 1353 4227 Tab.

201 4224 280 4280 ²Cf.
308 4224 352 4281 Μ.
383 4224 497 4298 AEgypt.
521 4223 676 4279 ausorum
703 4221 737 4276 de

164 4318 337 4377 Bacchanal.
350 4338 377 4391 p.
395 4324 461 4375 182.

203 4422 215 4457 ⁸
237 4413 284 4474 Cf.
310 4431 419 4489 quoque
444 4430 575 4469 nummus
603 4410 737 4488 quosdam

162 4516 338 4581 pervetustus
349 4507 423 4581 spud
436 4504 652 4565 D'Hunesrvill.
665 4504 736 4563 st.
827 4499 838 4529 ³
858 4503 967 4560 Osann.
981 4499 1052 4576 Syll.
1066 4518 1094 4572 p.
1103 4496 1133 4557 6.

787 4360 894 4416 Anccd.
909 4358 962 4417 Gr.
974 4376 1013 4417 11.
1027 4376 1054 4431 p.
1073 4352 1141 4412 166.

789 4283 862 4323 xvr.
883 4266 940 4322 Nu.
955 4272 983 4331 4,
1000 4270 1029 4322 5.
1040 4275 1069 4321 et
1081 4263 1194 4321 omuino
1205 4264 1353 4325 Villnisun.
1416 4290 1430 4315 .·
