3250 5350
161 392 278 456 lrrscr.
306 385 379 468 lV.]
691 473 693 478 k
733 377 779 450 6³

161 585 213 632 mc
238 557 383 656 judice,
419 555 626 662 monstrarit
660 554 808 626 nomina
838 552 875 624 in
910 584 938 625 ις
968 575 1031 647 per
1056 583 1278 640 aeros—svor,
1311 565 1350 630 et

160 685 410 782 denique-sos
436 682 546 770 flecti,
564 681 614 754 itu
639 693 678 753 ut
700 681 837 753 nullum
856 680 976 752 locum
999 681 1132 755 habeat
1157 683 1352 780 Digamma

159 817 192 888 in
221 813 429 912 hujusmodi
457 813 647 885 verborum
661 874 664 882 .
680 811 913 928 llexionibus.
966 811 1048 884 Hoc
1077 813 1222 908 quidem
1254 815 1353 909 quod

159 967 291 1016 nomen
326 954 385 1020 Ae
410 943 550 1028 attinet,
583 941 667 1014 satis
695 951 872 1014 testantur
901 941 1041 1013 latina.
1065 942 1126 1014 illc
1156 941 1259 1014 Ditis
1289 946 1352 1032 lgc.

160 1078 376 1150 Notandum
408 1088 527 1150 nutem
562 1076 682 1171 plures
719 1101 798 1148 esse
832 1068 963 1150 formas
1001 1074 1156 1150 nominis
1190 1079 1352 1151 Deorum

158 1206 329 1302 principis
356 1207 459 1300 apud,
479 1206 643 1293 Graecos,
674 1204 851 1299 pluraque
876 1207 975 1300 apud
1003 1204 1154 1278 latinos
1179 1206 1354 1278 voeabula

160 1335 244 1406 satis
276 1345 475 1406 monstrare
501 1334 658 1406 extitisse
682 1333 876 1428 aliquando
901 1334 1107 1431 hujusmodi
1137 1358 1270 1408 nomeu
1293 1335 1353 1407 cui

160 1456 345 1535 flectendo
390 1463 580 1540 interesset
628 1463 833 1560 Digamma.
905 1463 1028 1559 Diuus
1077 1466 1145 1555 (sc.
1187 1464 1352 1558 Atrox)

158 1594 355 1666 manifesto
391 1617 458 1666 vor
484 1605 539 1665 est
569 1594 854 1688 antiquissima¹,
891 1619 973 1666 cum
1001 1596 1049 1667 ab
1078 1619 1124 1667 ea
1155 1595 1355 1669 formentur

160 1725 283 1797 omnia
304 1725 415 1795 verba
440 1745 522 1817 quae
543 1725 589 1793 ad
612 1723 800 1794 numinum
824 1723 960 1794 cultum
986 1723 1202 1817 pertineant.
1251 1726 1354 1797 Anti·

159 1853 333 1950 quissima
354 1855 469 1925 forma
485 1853 582 1925 vocis
600 1862 688 1941 Ζευς,
708 1853 885 1952 Knightio
897 1856 1025 1953 judice
1037 1852 1062 1940 ²,
1091 1865 1247 1932 ΔΣΕΕΣ
1265 1858 1353 1942 erat,
1461 1826 1465 1833 ι

157 2005 242 2077 quae
269 1993 396 2078 postea
427 1982 592 2066 emollite,
622 1993 758 2084 ΔΕΡΣ,
792 1986 848 2058 vel
878 1994 1018 2071 ΔΕΥΣ,
1050 1985 1107 2057 vel
1132 2000 1236 2058 DEUS
1259 1986 1356 2058 luctu

25 2167 26 2180 ,
158 2125 224 2184 est.
292 2110 376 2183 Nec
419 2113 594 2205 profecto,
637 2112 665 2181 si
708 2115 922 2186 mutationes
963 2115 999 2184 in
1036 2113 1115 2185 eliis
1151 2115 1298 2187 vocibus
1333 2137 1356 2186 a

158 2231 336 2316 dialectis,
359 2231 416 2304 vel
435 2233 604 2326 temporis
622 2255 741 2318 cursu,
768 2233 825 2305 vel
842 2234 1061 2330 quibuslibet
1076 2238 1193 2308 causis
1210 2237 1357 2309 effectas

160 2375 383 2459 spectemus,
408 2387 538 2460 magna
560 2372 615 2433 est
632 2363 799 2434 transitio
818 2388 841 2433 a
864 2371 987 2439 ΔΕΡΣ
1007 2368 1053 2437 ad
1075 2373 1199 2440 ΔΙΡΣ.
1252 2369 1357 2441 Wal-

157 2489 303 2586 polius³
339 2500 433 2566 ΔΙΕΙ
478 2515 543 2584 pro
579 2502 645 2568 ΔΙΙ
683 2503 722 2562 ut
763 2493 798 2562 in
835 2515 923 2565 voce
964 2495 1167 2591 Διειτρεφής
1202 2469 1356 2590 positum

159 2631 281 2715 putat.
337 2619 407 2693 Sed
442 2623 520 2693 haec
556 2622 772 2719 diphthongi
807 2656 836 2694 ει
870 2646 936 2717 pro
970 2622 1122 2717 simplici
1154 2658 1164 2693 ι
1195 2623 1356 2697 inductio

160 2754 310 2826 serioris
329 2742 449 2826 ¹retatis
476 2766 557 2825 est·
722 2835 725 2845 Ι

237 2880 278 2951 Si
302 2881 519 2978 conjecturis
543 2880 734 2977 indulgere
756 2882 891 2971 liceret,
905 2862 1088 2978 *praeclare
1113 2885 1357 2959 Blomlieldius
1464 2967 1468 2975 ¹

161 3008 199 3081 in
224 3010 339 3083 literis
365 3008 446 3081 MS.
464 3020 551 3087 ΤΟΙ
577 3021 627 3086 ΔΙ
656 3022 709 3087 Et<
733 3013 928 3109 legendum
949 3026 1072 3109 putat,
1101 3040 1208 3111 quam
1236 3020 1358 3092 lectio·
1444 3084 1448 3092 ,

162 3162 247 3211 nern
266 3162 339 3237 ego
355 3140 515 3233 recipere
534 3122 630 3213 haud
649 3142 865 3228 dubitarem,
885 3142 969 3213 siin
987 3146 1094 3241 galea
1108 3155 1229 3216 nostra
1246 3145 1358 3218 literae

163 3270 329 3343 evanidae
359 3282 490 3343 essent.
544 3272 587 3343 In
618 3272 853 3344 marmoribus
884 3273 980 3345 enim
1011 3274 1143 3346 mutilis
1170 3276 1226 3347 vel
1251 3274 1357 3363 tritis,
1490 3298 1496 3307 ’

165 3424 334 3497 persepe
366 3401 479 3473 ruere
518 3413 544 3478 κ
578 3400 667 3471 nisu
708 3402 773 3471 nisi
807 3373 906 3473 reeta
939 3401 998 3473 rua
1026 3403 1122 3474 linea
1156 3417 1166 3479 ι
1205 3404 1358 3499 perspici
1476 3397 1481 3403 ’

163 3540 303 3623 potest,¹
348 3530 420 3601 Sed
445 3530 565 3601 omnia
583 3524 641 3600 hic
666 3529 762 3601 bene
782 3542 924 3602 serrata
948 3543 984 3602 et
1008 3533 1091 3603 satis
1115 3532 1262 3627 liquida.

241 3657 349 3746 Quod
372 3681 517 3751 scopum
545 3655 790 3751 inscriptionis
815 3659 956 3744 attinet,
982 3658 1239 3747 Welckerus⁴,
1267 3660 1359 3733 Uni·
1421 3716 1425 3719 -

211 3956 221 3985 ¹
247 3954 399 4026 Knightius
412 3951 670 4027 (Proleg.c1.11.p.
682 3958 742 4024 79.)
794 3954 916 4013 rratalem
941 3955 1016 4011 Frid.
1045 3954 1112 4013 Gul.
1131 3955 1185 4015 lll.
1212 3957 1248 4011 ab
1272 3955 1361 4012 Alma

78 4080 91 4094 ν
167 4054 197 4109 in
225 4052 328 4110 Latina
352 4049 449 4122 lingud
471 4049 675 4126 antiquissimas
696 4050 744 4105 ed·
795 4048 882 4105 Univ.
911 4048 1022 4104 boruss.
1050 4047 1143 4103 llben.
1168 4046 1361 4105 celebrandum

161 4148 337 4225 jectivorum
359 4146 463 4203 formas
482 4157 576 4203 extare
594 4154 681 4219 putat.
793 4146 890 4203 indicit
928 4146 959 4204 F.
984 4146 1019 4204 T.
1044 4145 1200 4213 Welclrer,'’
1233 4145 1361 4220 (Romrae.

206 4241 218 4273 ²
241 4240 296 4296 Ubi
311 4257 403 4313 supra.
427 4286 430 4291 .
795 4245 894 4312 1822.)
915 4247 950 4308 et¹
965 4239 994 4295 in
1023 4257 1077 4313 quo
1100 4237 1246 4295 exhibetur
1269 4239 1361 4311 “Epi-

209 4342 221 4374 ⁵
243 4338 363 4413 Walpol.
377 4338 461 4395 Tom.
477 4338 516 4394 ll.
538 4357 566 4410 p.
582 4342 650 4396 55⁸.
793 4338 984 4401 grammatum
1000 4329 1165 4387 Graecorum
1183 4329 1362 4405 spicilegium

206 4431 272 4488 ‘ln
310 4431 380 4521 libro
419 4430 462 4487 cui
497 4429 593 4489 titulus
627 4429 741 4487 “Diem
792 4426 939 4484 alterum.''
987 4425 1050 4482 Hoc
1082 4444 1162 4500 opus,
1195 4426 1261 4493 dum
1288 4425 1362 4483 hanc
