3250 5350
863 511 933 572 1³2
1005 513 1011 522 ’
1266 504 1414 590 [Cusas.
1438 502 1506 570 [ΙΙ.

229 772 232 782 ,
310 699 456 787 recepta
478 697 534 764 est
547 687 568 780 ¹,
595 711 693 763 anno
711 711 841 787 nempe
858 699 939 788 post
962 699 1122 762 nostrum
1146 711 1302 764 marmor
1322 689 1480 763 incisum
1493 713 1506 775 ς

310 846 392 895 cum
411 823 550 919 Anytus
567 821 612 892 ad
631 821 781 894 insulam
800 823 971 893 tuendam
990 821 1036 912 ab
1053 819 1341 894 Atheniensibus
1359 821 1507 914 missus,

309 952 466 1040 domum,
492 975 532 1024 re
553 949 698 1038 infecta,
726 951 903 1025 rediisset.
955 951 1051 1024 Satis
1076 961 1197 1024 autem
1224 951 1437 1050 diligentias,
1464 966 1509 1027 ut

309 1085 462 1169 videtur,
489 1083 525 1156 in
546 1081 635 1183 Pylo
655 1086 790 1158 tuenda
807 1095 1003 1182 posuerant
1028 1084 1295 1171 Athenienses3
1323 1085 1384 1158 hic
1407 1087 1507 1160 enirn

306 1225 441 1310 praeter
471 1215 644 1314 Anytum,
680 1216 790 1288 alium
821 1239 968 1314 quoque
998 1217 1141 1304 ducem,
1172 1239 1271 1289 anno
1302 1227 1506 1312 praeeuute,

308 1345 353 1416 ad
377 1345 505 1418 insulae
531 1346 678 1418 tutelam
707 1343 852 1418 missum
879 1369 958 1418 esse
983 1346 1155 1418 videmus.
1514 1343 1519 1348 ’

382 1477 474 1551 Cum
508 1481 588 1551 haec
628 1477 803 1576 Prytanis
840 1502 862 1551 a
896 1478 1112 1552 duodecimo
1144 1475 1422 1551 Boedromionis
1456 1483 1507 1555 ad

306 1609 546 1683 sexdecimum
589 1606 852 1706 Pyanepsionis
895 1607 1089 1692 duraverit,
1129 1607 1197 1680 tria
1236 1632 1339 1680 sacra
1373 1608 1411 1681 in
1459 1635 1507 1684 ea

305 1743 484 1817 celebrata
500 1745 580 1813 'csse
597 1741 683 1813 satis
698 1750 848 1830 constat,
875 1739 1063 1814 Eleusinia
1080 1739 1227 1827 scilicet,
1246 1741 1505 1838 Oschophoria

304 1885 343 1948 et
360 1871 666 1969 Thesmophoria.
719 1871 812 1945 Cum
830 1884 950 1946 autem
973 1871 1265 1970 Thesmophoria
1282 1873 1330 1946 ab
1348 1875 1506 1949 Atheni-

304 2005 451 2078 ensibus
475 2002 619 2077 feminis
645 2004 925 2091 celebrarentur,
955 2005 1071 2100 quaeri
1096 2013 1214 2100 potest
1238 2027 1285 2075 an
1309 2004 1347 2076 in
1377 2027 1503 2077 eorum

302 2163 406 2210 usum
433 2133 610 2230 ‹lrrollshla²
638 2136 700 2209 illa
728 2137 808 2210 fieri
837 2137 980 2210 soleret.
1033 2135 1153 2209 Multa
1179 2137 1316 2210 adhoc
1340 2161 1503 2210 marmor

302 2275 340 2338 ct
380 2267 585 2339 doctissime
625 2265 810 2339 Bbckhius
847 2269 892 2340 de
924 2289 1076 2341 numero
1112 2252 1244 2341 civium
1286 2270 1503 2342 Atticorum.

302 2399 375 2472 Sed
403 2423 484 2473 cum
509 2399 661 2496 plurima
689 2423 791 2472 sacra
818 2424 890 2473 non
916 2424 1028 2472 unum
1056 2400 1265 2496 sed'plures
1288 2401 1366 2475 dies
1392 2405 1503 2476 dura·

301 2533 429 2620 verint,
454 2542 501 2619 et,
521 2534 550 2605 si
569 2533 851 2630 Theophrasto³
868 2533 975 2606 fidem
993 2533 1179 2622 hahemus,
1201 2531 1354 2633 singuiis
1371 2534 1501 2608 diebus

301 2667 478 2740 theatrum
525 2678 652 2763 quater
696 2667 957 2763 spectatoribus
997 2669 1213 2765 completum
1231 2677 1234 2682 ’
1254 2679 1363 2757 esset,
1389 2668 1499 2743 iidem

299 2796 421 2867 forsan
465 2797 591 2867 eodem
630 2794 689 2867 dic
728 2798 819 2870 duos
858 2798 934 2872 illos
972 2800 1097 2873 obolos
1135 2802 1270 2897 pluries
1310 2808 1503 2899 accepere,

283 2948 413 3035 ¹quaro
443 2924 532 2997 nihil
555 2950 604 2999 ex
622 2928 676 2999 his
701 2924 886 3020 διωβελίαις
912 2932 1085 3031 cognosci
1106 2944 1238 3029 potest.
1290 2934 1334 3006 ln
1360 2934 1504 3008 Oscho-

298 3056 461 3151 phoriis⁴
490 3068 608 3130 autem
638 3070 673 3130 et
702 3060 896 3137 Eleusiniis
924 3065 1034 3138 multa
1064 3066 1273 3162 spectacula
1298 3066 1398 3140 edita
1421 3092 1505 3142 esse

297 3190 383 3263 satis
411 3191 556 3263 scimus.

372 3320 488 3395 Pnrr.
512 3322 576 3394 lV.
631 3323 723 3397 Haec
755 3324 928 3424 Prytania
961 3352 984 3400 a
1015 3328 1298 3425 septemdecimo
1326 3328 1505 3429 Pyanep-

206 3439 211 3447 ’
296 3450 407 3523 sionis
431 3475 546 3548 usque
577 3454 621 3523 ad
649 3454 859 3553 vigesimum
891 3468 928 3529 et
953 3460 1152 3531 secundum
1184 3459 1505 3534 Maemacterionis

297 3580 448 3661 duravit,
503 3580 759 3677 Pyanepsiona
815 3586 911 3659 enim
970 3599 1138 3686 quartum
1192 3614 1271 3691 esse
1333 3616 1505 3667 mensem

296 3706 456 3779 Atticum
473 3690 558 3778 satis
574 3708 732 3782 ostendit
748 3708 1016 3789 Barthelemius
1027 3718 1054 3791 ⁶.
1108 3716 1153 3790 ln
1169 3718 1265 3791 hanc
1281 3718 1506 3819 Prytaniam

298 3832 487 3926 Apaturia,
513 3834 663 3934 Dorpin,
688 3852 726 3912 et
743 3840 815 3913 alia
839 3868 941 3916 sacra
957 3845 1131 3937 incidere,
1158 3872 1315 3946 quorum
1334 3852 1373 3924 in
1392 3878 1508 3929 usum

296 3957 456 4051 διωβελία
474 3965 534 4037 hic
555 3979 752 4043 memorata
771 3970 865 4044 lacta
882 3985 947 4046 est.

334 4161 344 4192 ¹
366 4160 413 4220 Cf.
429 4164 544 4224 Diodor.
561 4182 642 4223 xnr.
657 4168 706 4229 64.
921 4174 1025 4237 Blornf.
1047 4178 1086 4235 in.
1109 4180 1187 4240 Mus.
1209 4178 1281 4239 Crit.
1303 4180 1391 4239 Turn.
1405 4182 1451 4243 11.
1474 4206 1510 4261 p.

335 4248 412 4313 ¹Cl.
451 4258 570 4314 Aristnt.
600 4260 633 4315 de
671 4260 742 4336 nep.
771 4264 812 4325 ll.
840 4272 869 4332 7.
919 4280 989 4343 474.

298 4342 428 4401 Demost.
468 4348 502 4405 de
540 4348 641 4407 coron.
678 4372 705 4425 p.
733 4362 801 4423 477.
833 4358 867 4418 C.
959 4369 1038 4429 ⁴Cl.
1068 4371 1176 4430 Corsin.
1214 4372 1245 4430 F.
1277 4376 1316 4432 A.
1344 4374 1433 4435 Tom.
1464 4378 1514 4437 ll.

297 4436 413 4512 Ulpian.
434 4442 464 4497 in
485 4442 606 4519 Olynth.
623 4446 646 4502 l.
667 4466 694 4520 p.
712 4456 777 4508 134.
919 4482 946 4539 p.
961 4470 1030 4525 353,

335 4530 496 4611 'Theoph
523 4556 569 4613 ap.
604 4542 744 4604 Chardon.
771 4548 806 4607 da
841 4552 870 4609 la
958 4558 1081 4622 ‘Mem
1103 4566 1341 4627 demeantes
1364 4570 1514 4650 Inscript.

260 4683 266 4694 .
295 4628 657 4713 Bochettellelangesll.
678 4653 788 4718 pm.
820 4649 867 4711 Cf.
918 4654 1003 4716 Tom.
1019 4676 1150 4719 xuvrrr.
1162 4668 1234 4731 395.
1248 4682 1289 4737 sq.
