3250 5350
127 490 259 557 lusor.
284 488 397 569 Vlll.]
710 496 774 559 181

207 658 403 755 Epistatae¹
422 660 548 757 templi
582 661 619 733 in
639 660 808 758 Acropoli
838 660 977 757 inquo
1002 669 1058 733 ert
1085 667 1188 734 vetus
1217 660 1325 731 simu·

126 788 281 872 lacrum,
301 788 460 885 Brosyn.
477 843 486 861 .
502 842 512 861 .
526 814 561 861 .s
580 788 840 885 Cephisiensis,
864 787 1062 861 Charindas
1080 786 1327 886 Agrylensis⁸,

129 920 273 994 Diodes
307 920 571 1017 Cephisiensis,
597 922 777 996 Philocles
808 922 1055 1002 Acharneusis
1085 923 1325 1010 Architectus‚

130 1048 335 1121 Etearchus
369 1049 672 1147 Cydatheniensis
708 1051 839 1125 Scriba
871 1050 1061 1147 sequentis
1094 1050 1327 1148 inscripsere⁸

129 1200 247 1273 opera
268 1178 405 1274 templi,
430 1203 477 1251 eo
495 1188 588 1251 statu
606 1202 680 1276 quo
698 1202 776 1252 esse
793 1180 1110 1274 deprehenderunt
1126 1181 1324 1254 secundum

131 1308 317 1379 decretum
337 1310 434 1404 quod
452 1308 639 1406 Epigenes
654 1308 787 1397 retulit,
813 1308 891 1381 otia
909 1307 1018 1394 facta,
1039 1307 1116 1377 olm
1131 1303 1328 1391 semifacta,

131 1437 308 1508 archonte
353 1438 495 1526 Diocle,
534 1438 655 1511 Tribu
691 1438 896 1533 Cecropide
936 1436 1050 1531 prima
1086 1436 1152 1526 (sc.
1185 1431 1329 1523 ordine)

131 1565 353 1661 praesidente
371 1568 564 1643 Concilio4
579 1592 652 1666 quo
668 1566 907 1664 Nicophanes
929 1566 1183 1639 Marathonius
1202 1565 1328 1660 primas

135 1694 322 1791 Prytaniae
349 1696 466 1769 scriba
492 1695 570 1769 fuit.

212 1820 304 1893 Haec
326 1822 449 1918 templi
471 1840 581 1917 'opera
605 1822 910 1919 deprehendimus
926 1820 1114 1894 semifacta
1132 1819 1167 1891 in
1190 1817 1328 1915 angulo

132 1952 355 2050 Cecropium
376 1978 510 2027 versus.

217 2083 268 2155 lv
294 2081 481 2182 Tegulas⁵
501 2086 747 2176 (marmoreus)
768 2108 839 2157 non
862 2107 929 2156 suo
944 2084 1018 2155 loco
1036 2084 1180 2179 positas,
1203 2080 1329 2177 longus

135 2228 151 2255 ¹
180 2238 221 2286 ιν
237 2214 331 2309 ped,
358 2214 448 2285 latas
466 2240 495 2287 11
514 2215 608 2310 ped,
635 2238 772 2287 crassas
791 2214 947 2310 sesquip.

137 2456 211 2495 nunc
224 2438 367 2515 Ἀγρυλῆν
385 2436 555 2512 appellatum
577 2456 637 2493 esse
654 2446 709 2493 sta·
796 2437 945 2509 ‘livonum
1001 2436 1178 2493 Chandlarus
1213 2456 1229 2493 e
1266 2454 1331 2493 con-

135 2532 198 2591 mit.
220 2532 425 2607 contraquam
439 2530 561 2605 disputat
577 2528 710 2586 corsinus
753 2536 866 2609 jactura
880 2532 956 2591 dedit
977 2542 1073 2589 πολες.
1115 2531 1170 2586 Sed
1190 2532 1329 2588 luveram

137 2630 215 2688 Post.
238 2630 302 2687 Att.
321 2628 345 2688 l.
371 2648 397 2703 p.
413 2634 481 2686 204.
510 2635 538 2684 et
566 2625 709 2702 uulgatum
759 2628 906 2686 lectionem
941 2626 1046 2684 dudum
1084 2626 1222 2682 inciderat
1260 2624 1330 2682 Bar·

137 2723 277 2799 Hesychii
318 2721 466 2778 lectionem
506 2731 607 2788 tuetur,
640 2721 708 2776 duos
759 2719 918 2779 thelemius.
951 2721 1057 2795 (Mem.
1082 2720 1116 2776 de
1142 2717 1253 2778 l’Acad.
1279 2719 1329 2776 der

136 2817 454 2894 populossssedocens.
496 2816 569 2872 Cum
587 2813 710 2872 bleursio
761 2816 890 2890 Inscript.
926 2815 1010 2873 Tom.
1038 2829 1166 2871 xuvrrr.
1190 2833 1218 2887 p.
1247 2817 1331 2888 ³48.)

135 2912 206 2969 facit
243 2911 401 2985 Stephanus
432 2911 550 2985 Byzant.
579 2910 607 2966 in
638 2908 709 2970 loco.
761 2913 852 2968 ssonec
872 2929 907 2966 ex
928 2927 1020 2967 errore
1037 2907 1185 2982 sculptoris
1202 2908 1231 2964 in
1253 2905 1332 2980 Elgi-

136 3007 348 3081 Harpocration
371 3024 476 3080 quoque
499 3025 554 3062 non
575 3005 627 3062 nisi
645 3007 713 3075 Ἀγ·
761 3007 844 3064 niano
857 3006 978 3080 quodam
991 3023 1132 3060 marmore
1143 3002 1253 3077 legitur.

136 3105 384 3181 putriumemorab
398 3119 482 3176 quarn
495 3099 531 3156 ibi
547 3099 712 3154 Mausaacus
798 3099 973 3158 ΝΠλιινθοι
1014 3097 1114 3171 tegulae
1164 3113 1330 3152 nrnrmoreae

136 3197 470 3270 etValesius(innot.ad
486 3193 729 3260 Maussacinot.),
762 3206 851 3262 erant,
879 3197 907 3250 in
932 3195 1030 3268 quibus
1057 3191 1191 3268 fingendis
1218 3209 1331 3247 summa

136 3296 258 3354 eandam
281 3313 314 3350 ac
336 3295 498 3371 Ἀγρανλην
522 3307 580 3346 ease
603 3291 711 3346 docent.
762 3290 944 3346 adhibebatur
958 3307 1026 3344 cura
1044 3295 1076 3344 ut
1095 3285 1212 3360 singulae
1233 3285 1261 3341 in
1276 3283 1332 3341 sin-

136 3391 218 3448 lnfra
234 3399 341 3460 autam,
366 3405 433 3444 voce
447 3385 625 3464 ''Aplqmc,
645 3387 712 3442 duos
763 3383 843 3460 gulas
856 3401 890 3440 ex
909 3381 986 3439 omni
1002 3389 1080 3456 parte
1094 3380 1272 3456 quadrarent,
1294 3381 1330 3435 rie

55 3553 58 3558 ¹
136 3505 228 3561 pagos
241 3487 327 3560 (hunc
341 3483 482 3562 Ἀγρύλην
493 3481 546 3550 τήν
556 3483 712 3558 ὑπενερθεν,
763 3476 865 3536 alicubi
884 3498 945 3554 quae
965 3477 1040 3533 cadit
1059 3475 1103 3532 sis
1125 3492 1204 3550 aquae
1224 3492 1334 3548 perma-

137 3583 222 3639 illum
243 3583 297 3650 τήν
324 3579 493 3656 καθύπερθεν
514 3578 631 3652 dictum)
651 3595 712 3634 essa
762 3584 843 3630 naret
861 3587 891 3628 et
908 3572 1039 3628 interiora
1057 3578 1256 3643 corrumperet.
1298 3568 1332 3624 ln

137 3677 250 3736 statuit.
301 3676 430 3733 Alterum
458 3691 524 3746 ergo
540 3673 585 3728 'ad
609 3671 711 3728 tribum
761 3667 942 3743 compagibus
967 3662 1123 3739 tegularum
1150 3663 1276 3719 finitimis
1302 3661 1331 3719 in

136 3773 281 3841 Attalida,
311 3771 429 3829 alterum
460 3769 495 3824 ad
527 3769 713 3826 Erechthcida
762 3759 860 3819 eodem
879 3761 1036 3836 tegularum
1053 3759 1147 3814 ordine
1160 3757 1230 3830 (sive
1248 3757 1330 3814 cloro

135 3873 317 3930 referendum
339 3881 418 3945 putat
438 3869 582 3926 Corsinns.
762 3859 800 3918 ct.
842 3857 972 3916 Schneid.
1010 3856 1045 3913 ad
1073 3855 1134 3912 Vit.
1162 3854 1201 3912 ll.
1232 3860 1259 3911 8.
1292 3857 1332 3923 5.)

179 3967 397 4046 ’ἅνὲγραψαι
428 3962 629 4042 ι’ἀναγράφειν
650 3977 711 4034 pro-
762 3958 869 4014 sactum
894 3964 936 4012 est
960 3955 1031 4031 quod
1064 3952 1216 4009 Architecti
1244 3945 1331 4021 Angli

136 4073 198 4147 prie
220 4069 255 4125 de
272 4067 306 4123 iis
328 4066 407 4121 rebus
427 4061 526 4119 dicitur
544 4077 605 4134 quae
624 4057 713 4114 solen·
763 4054 906 4129 appellant
918 4052 1054 4128 suddling‚
1075 4049 1095 4110 i.
1114 4068 1140 4107 a.
1160 4067 1194 4104 ax
1215 4053 1331 4118 utroque

136 4167 213 4223 niter
227 4160 427 4227 describuntur,
447 4155 522 4212 etin
544 4151 652 4210 tabulas
669 4169 713 4206 re·
763 4147 849 4205 latere
867 4146 1036 4220 crepidinem
1049 4163 1134 4217 snpra
1155 4131 1332 4213 superficiem

134 4253 294 4316 feruntur.''
347 4249 457 4308 Sluiter.
500 4247 567 4303 lex.
606 4245 713 4302 Andoc.
764 4243 913 4300 marmoris
948 4240 1080 4314 reliquere
1114 4235 1257 4293 architecti
1291 4234 1334 4293 ita

137 4363 215 4416 201.
239 4347 418 4414 ltairdnmr.
431 4343 469 4402 V.
480 4339 716 4420 &suppoprimus
765 4347 797 4397 ut
822 4340 847 4396 si
873 4337 966 4412 aliqua
1005 4333 1101 4410 pluvia
1137 4333 1188 4389 sub
1219 4352 1334 4408 opercu-

130 4446 289 4525 r’vcrn'np.
311 4445 350 4501 Et
362 4441 463 4516 ubique
471 4441 499 4496 in
512 4433 713 4494 tabblleracl.
764 4432 841 4490 lariis
858 4430 914 4488 illis
934 4429 1033 4505 tegulis
1053 4426 1101 4500 (ct.
1122 4425 1196 4484 inira
1215 4437 1273 4485 not.
1296 4427 1333 4484 ad

136 4547 162 4605 Ι.
189 4543 277 4616 (frag.
300 4538 386 4616 Brit.)
409 4537 430 4596 l.
453 4541 480 4592 8.
504 4531 542 4591 ll.
569 4532 589 4588 l.
612 4527 641 4587 6.
669 4527 716 4585 ubi
765 4526 785 4582 l.
820 4529 882 4599 22.)
909 4522 1006 4598 quibus
1036 4537 1147 4596 semper
1175 4519 1334 4596 tegularum

137 4635 317 4698 Mazochius
329 4631 417 4692 reddit
437 4639 456 4666 “
468 4629 500 4688 In
514 4636 577 4687 acta
591 4625 717 4686 reserre.’'
766 4621 965 4682 continentium
976 4640 1125 4698 compages
1132 4621 1251 4680 finitima
1261 4621 1336 4690 te‘sse·
