3250 5350
269 419 317 492 xii
697 461 1029 515 ruonnconnuu.

271 598 468 675 Hellenum
499 607 650 701 primum
685 571 819 705 sedemss
853 621 1042 708 Cadmum,
1078 622 1201 694 literas
1233 623 1384 697 Graecas
1417 621 1468 694 ab

269 736 438 810 Evandro
468 740 507 811 in
535 741 673 816 ltaliam
701 751 871 823 advectas
882 755 906 839 ¹,
933 754 1001 826 dcc.
1021 754 1091 825 dcc.
1125 763 1353 848 praeteream,
1380 750 1467 824 satis

267 888 459 939 excusasse
498 894 617 980 spero.
679 875 752 946 Sed
793 877 843 948 ita
882 877 1088 950 faciendum
1124 889 1212 951 ante
1252 903 1310 952 me
1343 878 1468 951 videre

269 995 440 1070 Maffeius
469 1010 506 1071 et
535 1001 579 1072 R.
599 1002 641 1074 P.
661 1005 813 1102 Knight,
838 1031 859 1078 e
889 1031 1043 1104 quorum
1071 1020 1229 1103 utroque
1256 1033 1375 1103 pauca
1398 1031 1465 1081 ex-

266 1129 430 1202 scribam.

344 1260 400 1333 lta
416 1287 466 1335 sc.
492 1266 538 1336 de
561 1265 629 1336 hac
656 1291 694 1338 re
717 1267 877 1364 loquitur
894 1267 1152 1342 illustrissimus
1175 1270 1233 1344 ille
1250 1280 1361 1366 atque
1378 1271 1464 1342 doc·

265 1391 422 1465 tissimus
445 1394 614 1468 Marchio
639 1397 759 1492 Scipio
787 1398 990 1471 Μιιίῐείιιε.2
1032 1408 1057 1438 “
1073 1400 1324 1473 Indubitatum
1342 1399 1463 1494 primo

267 1533 333 1611 est,
351 1525 532 1598 scribendi
553 1551 655 1599 nsum
675 1551 719 1600 eo
737 1553 813 1602 aevo
830 1530 1015 1625 accepisse
1032 1531 1195 1618 Graecos)
1214 1531 1312 1626 quod
1329 1533 1464 1603 obscu-

266 1679 359 1744 rum,
386 1681 450 1730 seu
476 1657 681 1754 Mythicnm
711 1659 993 1755 appellavimus:
1033 1684 1116 1732 cum
1146 1671 1268 1733 autem
1303 1661 1463 1759 singula,

266 1810 348 1883 quae
365 1786 425 1859 illa
442 1787 612 1881 temporis
630 1789 778 1883 periodo
806 1790 1052 1888 contigerunt,
1080 1790 1135 1862 vel
1154 1777 1302 1886 prorsus
1323 1791 1464 1864 incom-

265 1928 378 2012 perta,
411 1917 467 1990 vel
502 1918 682 1989 sexcentis
719 1919 849 1990 tabulis
879 1921 1084 1992 intermixta
1116 1919 1323 2003 dixerimus,
1354 1932 1465 2017 atque

265 2047 438 2133 involuta,
466 2046 546 2141 quis
565 2049 610 2118 de
634 2049 883 2121 characterum
901 2049 1144 2143 susceptione,
1170 2071 1214 2118 ac
1230 2050 1275 2119 de
1293 2049 1464 2144 primaeva

266 2197 391 2248 eorum
410 2177 527 2247 forma
549 2188 621 2256 tarn
639 2175 800 2262 definite,
822 2186 935 2272 atque
951 2187 1177 2249 asservanter
1192 2176 1313 2274 eloqui
1330 2177 1464 2272 possit?

188 2283 191 2288 ¹
264 2303 370 2376 Nihil
394 2305 430 2375 in
459 2305 529 2375 hoc
554 2307 737 2399 proposito
761 2307 876 2402 magis
904 2317 1102 2400 receptum,
1128 2317 1237 2404 atque
1266 2306 1461 2381 universim

265 2439 512 2522 constitutum,
548 2421 655 2534 quain
687 2438 824 2512 Graecis
859 2438 1089 2520 Phoenicium
1122 2439 1300 2512 Cadmum
1334 2440 1460 2514 literas

262 2571 379 2666 primo
401 2567 596 2642 adtulisse:
627 2581 665 2641 at
688 2593 891 2668 anonymus
908 2571 1046 2640 Auctor
1066 2569 1250 2664 praeclarae
1274 2568 1460 2644 Disserta-

264 2703 383 2794 tionis
407 2701 442 2771 in
476 2702 575 2772 calce
605 2700 892 2797 Palaeographiae
924 2700 1112 2770 contendit
1149 2697 1295 2792 optimis
1331 2700 1463 2773 tabulis

267 2830 446 2926 (quamvis
475 2833 688 2903 adversante
715 2828 925 2919 Herodoto)
960 2836 1001 2901 ut
1030 2830 1206 2915 ostendat,
1237 2828 1349 2925 longe
1375 2840 1464 2903 ante

264 2962 455 3045 Cadmum,
487 2984 554 3031 nec
580 2959 813 3037 Deucalionis
837 2970 989 3048 tantum,
1018 2962 1082 3031 sed
1111 2969 1149 3032 et
1175 2958 1360 3032 Phoronei
1383 2984 1462 3033 aevo

265 3093 479 3186 scripturam
495 3087 657 3188 Pelasgis
661 3091 739 3188 jam
754 3090 966 3161 innotuisse.
992 3090 1127 3161 lonicae
1143 3088 1267 3162 literae³
1279 3098 1460 3185 tamqnam

266 3226 477 3298 Graecarum
494 3221 752 3318 antiquissimae
770 3220 957 3315 predicari
975 3220 1110 3304 solent3
1139 3230 1176 3291 at
1193 3219 1461 3313 Demosthenes
1593 3260 1597 3267 ·

265 3357 386 3451 legem
403 3355 482 3454 jam
501 3362 576 3423 tum
594 3351 820 3425 veterrimam
845 3376 1060 3436 memorans,
1087 3361 1262 3423 servatam
1282 3354 1460 3448 usquead

266 3458 347 3555 eum
366 3480 461 3553 diem
487 3477 691 3551 columnam
709 3478 797 3550 dicit
820 3477 952 3550 Atticis
977 3477 1092 3550 eaesis
1117 3477 1232 3553 literis
1252 3488 1457 3567 exaratam

260 3615 287 3700 ’l
316 3612 429 3698 στήλη
459 3608 512 3681 ἔτι
542 3612 594 3681 καὶ
623 3617 677 3683 νῦν
709 3608 850 3695 ἕστηκεν
878 3606 1028 3704 ἀμυδροῖς
1056 3607 1256 3705 ’γράμμασιν
1283 3606 1461 3688 Ἀττικοῖςς

267 3758 304 3818 et
329 3742 475 3816 Atticos
499 3740 628 3813 literas
651 3741 744 3812 idem
772 3739 925 3813 valuisse
947 3762 990 3813 ac
1016 3737 1164 3831 priscas,
1191 3735 1458 3830 Harpocration

266 3882 383 3955 docet.
429 3873 588 3946 Diffusus
610 3873 861 3969 praedictorum
883 3871 936 3953 rei
958 3868 1125 3941 literariae
1149 3890 1338 3963 procerum
1362 3891 1459 3959 com·

308 4126 384 4185 ¹Cl.
416 4124 538 4181 Salmas.
564 4121 600 4177 ad
634 4118 740 4175 Herod.
773 4120 836 4187 Art.
884 4120 1009 4195 pm)
1030 4115 1124 4171 literas
1147 4113 1258 4190 lonicus
1281 4112 1370 4194 dictas
1397 4130 1458 4169 esse

267 4222 354 4283 lusor.
375 4239 403 4293 p.
419 4224 486 4282 227.
506 4214 599 4289 (Paris
613 4211 712 4282 1619.)
886 4218 967 4283 putat
979 4228 997 4265 a
1009 4208 1174 4266 Callistrato
1189 4207 1286 4264 Samio
1296 4207 1343 4281 qui
1361 4206 1458 4263 literas

306 4314 318 4346 ¹
339 4314 420 4369 ulau.
434 4312 467 4367 de
481 4314 545 4367 Art.
560 4307 632 4365 Crit.
646 4304 716 4379 Lap.
737 4302 784 4363 lib.
795 4302 834 4365 iii.
886 4304 1004 4361 novitias
1024 4302 1053 4360 in
1076 4322 1162 4360 unum
1182 4320 1283 4377 corpus
1297 4320 1363 4359 cum
1380 4318 1456 4361 ΧΠ.
1588 4297 1590 4382 J

264 4426 328 4483 cap.
346 4414 373 4463 1.
394 4402 519 4461 Camil.
541 4420 569 4476 p.
583 4396 633 4458 65.
800 4392 802 4401 ’
885 4397 1021 4473 prioribus
1034 4398 1149 4475 redegit.
1191 4398 1294 4455 Samus
1306 4397 1382 4482 anim
1402 4415 1458 4454 una
1587 4419 1588 4450 l

304 4502 316 4532 ⁸
337 4496 492 4557 Salmasius
503 4496 549 4573 (ad
560 4495 665 4553 Herod.
678 4498 737 4553 Att.
746 4496 834 4551 Inscr.
885 4502 990 4551 eratex
1005 4494 1105 4552 Ionicis
1120 4493 1242 4552 urbibus.
