3250 5350
471 995 623 1076 Crass.
650 995 730 1074 VI.
789 994 942 1074 Iuscn.
969 994 1022 1073 V.

399 1210 710 1287 INSCRIPTIO
744 1204 1087 1284 OLIVERIANA.

572 1423 665 1480 nnn.
688 1422 752 1480 nn.
793 1423 868 1480 sm.
889 1420 944 1477 111.

657 1634 831 1674 --4-

465 1833 614 1898 Pnciaud.
635 1832 727 1898 Mon.
748 1834 863 1917 Pelop.
883 1830 910 1896 I.
934 1856 967 1915 p.
985 1838 1038 1901 77.

232 1991 584 2101 “EPeloponncso
613 2018 675 2077 aut
705 2008 865 2079 finitimis
896 2018 995 2079 certe
1025 2006 1148 2079 locis’'
1172 2005 1222 2079 ait
1246 2006 1349 2080 Paci-

152 2140 283 2213 audius
324 2147 460 2206 “anno
499 2147 594 2223 1738
635 2136 826 2208 Anconam
863 2161 885 2206 a
918 2134 1058 2206 Graecis
1092 2139 1353 2210 mercatoribus

76 2259 81 2268 ⁸
154 2270 328 2341 subvecta
370 2264 440 2335 suit
474 2265 642 2336 columne
677 2263 808 2348 striata,
844 2263 968 2359 ibique
1001 2287 1022 2333 a
1062 2265 1215 2360 quodam
1251 2265 1352 2337 Mar-

155 2400 313 2471 morario
339 2420 413 2470 oere
439 2402 691 2469 commutata?
745 2395 813 2467 llie
838 2398 933 2469 hanc
957 2394 1159 2467 columnam
1186 2396 1258 2469 “in
1277 2396 1353 2493 ipsa

155 2528 302 2627 publica
329 2528 388 2599 via
412 2551 485 2625 qua
509 2528 557 2599 ad
589 2528 738 2599 Portum
766 2525 995 2599 itur-coeno
1022 2526 1195 2601 soedatam
1225 2529 1355 2627 viginti

155 2659 264 2734 annis
292 2657 433 2757 (annos)
459 2659 585 2757 jacere
611 2681 737 2754 passus
768 2664 863 2728 est.''
916 2654 1096 2729 Oliverius
1122 2654 1160 2728 in
1188 2655 1250 2730 illo
1274 2656 1357 2732 loco

154 2796 258 2881 vidit,
286 2806 323 2866 et
348 2793 539 2867 Pisaurum
571 2793 752 2888 deportari
778 2790 928 2867 curavit.
982 2759 1106 2864 Edidit
1138 2791 1376 2868 Paeiaudius·

157 2949 232 2996 una
266 2944 348 2995 cum
376 2923 535 2994 Cominii
562 2925 607 2994 de
635 2923 714 3021 ejus
747 2924 1045 3018 interpretatione
1071 2924 1231 3019 epistola.
1283 2925 1355 2998 Sed

159 3055 239 3126 haee
277 3053 463 3147 inscriptio
506 3053 696 3126 manifesto
732 3067 795 3126 ant
839 3053 992 3125 barbara
1033 3062 1096 3125 aut
1135 3055 1256 3150 spuria
1292 3067 1356 3128 est.

161 3181 252 3272 Quis
286 3192 447 3253 veterum
479 3181 691 3255 Graecorum
721 3217 782 3256 σωι
811 3205 878 3277 pro
906 3189 961 3255 σοι’
987 3181 1159 3256 dixisset?
1187 3183 1359 3282 Ἀσφαλίω

160 3315 306 3412 quidem
340 3337 405 3407 pro
436 3315 618 3411 Ἀσφαλῖου
656 3325 693 3385 et
722 3321 772 3383 τῶ
815 3318 926 3409 Παρέω
966 3336 1034 3408 pro
1068 3321 1130 3386 τοῦ
1160 3321 1286 3414 Παρίου
1319 3319 1357 3389 in

158 3443 395 3539 inscriptione
418 3441 555 3514 Dorica
572 3442 659 3516 ferri
677 3453 838 3538 possunt.
890 3441 1076 3514 Continuo
1100 3455 1221 3518 autem
1240 3447 1359 3545 sequi·

160 3587 221 3647 tur
240 3573 376 3668 Μήτηρ,
404 3572 501 3667 quod
519 3571 708 3643 ridiculum
728 3581 793 3641 est.
847 3566 986 3642 Nescio
1002 3595 1048 3642 an
1069 3596 1188 3667 operae
1203 3577 1357 3671 pretium

161 3703 208 3775 sit
222 3704 355 3788 dicere,
382 3699 590 3772 Corsinium
603 3699 656 3770 ita
671 3701 752 3771 haec
769 3709 975 3770 commenta
992 3699 1135 3797 legere:

352 3842 501 3939 Ἄρτεμι,
525 3854 579 3917 σοὶ
604 3841 673 3915 τόδ’
698 3842 843 3937 ἄγαλμα
866 3847 995 3922 edesius
1019 3846 1170 3932 ἀνέθηκεν

357 3973 549 4069 Ἀσφαλίον
574 3972 695 4070 μήτηρ,
722 3977 841 4070 (depuis
857 3971 962 4072 Ἔρου
986 3974 1156 4074 θυγάτηρ,

361 4107 428 4172 Τοῦ
453 4107 580 4200 Παρίου
606 4109 729 4188 ποίημα
756 4110 859 4178 καλὸν
885 4110 988 4180 Διάεο
1013 4104 1127 4203 ἔργον.

237 4249 337 4338 Quas
362 4249 507 4321 barbari
532 4247 658 4322 Poetae
688 4252 860 4326 barbaras
886 4255 1155 4329 emendationes
1179 4260 1209 4329 si
1232 4258 1360 4356 aliquis

164 4378 280 4450 minus
321 4380 447 4449 doctus
490 4402 598 4474 quam
642 4379 831 4454 Cominius
878 4383 1091 4480 scripsisset,
1128 4409 1253 4459 omnes
1292 4387 1361 4460 cia·

165 4505 336 4592 maerent,

506 4615 549 4677 Et
574 4615 668 4679 vitula
694 4630 728 4679 tu
754 4616 877 4700 dignus,
906 4632 937 4681 et
961 4618 1022 4682 hic.
