3250 5350
312 507 380 565 212
720 509 1042 561 rnonnuosraua.
1241 489 1389 574 [Cures.
1411 483 1474 550 111.

311 679 533 779 magistratus
549 678 611 776 qui
637 679 672 752 in
698 679 752 751 bis
774 678 1006 751 marmoribus
1029 684 1269 767 memorantur
1295 672 1476 745 Minervae

311 812 514 903 Quaestores
527 821 655 897 essent,
670 822 705 884 et
718 810 960 885 Panathenaea
972 811 1096 908 quinto
1114 830 1257 905 quoque
1273 828 1370 882 anno
1383 802 1476 875 cele·
1502 824 1505 829 ·

310 948 404 1020 brari
421 947 587 1034 solerent,
601 947 659 1019 rix
675 947 820 1019 dubium
838 948 924 1044 quin
941 947 1018 1041 brec
1037 945 1201 1038 verbaad
1215 942 1421 1033 Quaestores
1435 964 1476 1010 eo

310 1076 425 1151 officio
447 1078 586 1150 functos
608 1101 675 1172 per
692 1078 754 1149 hos
773 1087 926 1174 quatuor
943 1101 1055 1149 annos
1073 1075 1197 1148 referri
1214 1074 1380 1146 debeant.
1435 1069 1474 1140 ln

255 1184 261 1196 ¹
310 1205 541 1301 inscriptione
560 1204 838 1279 Fuurmontiana
857 1207 984 1300 (Class.
1004 1207 1071 1279 lll.
1097 1206 1191 1279 Sect.
1210 1205 1239 1278 1.
1264 1204 1380 1274 lnscr.
1396 1200 1475 1294 Ν.)

310 1336 445 1434 liquido
469 1336 600 1434 legitur
624 1341 653 1410 oi
680 1338 731 1409 risi
760 1342 875 1416 ronias
902 1338 1165 1435 ἀναγραψάντων
1187 1336 1219 1409 e’r
1247 1334 1478 1419 στήλην-καὶ

310 1470 346 1542 ἐκ
378 1472 605 1553 Παναθηναίων
631 1470 661 1546 ἐς
692 1468 898 1553 Παναθήναια
926 1470 988 1542 adu
1013 1469 1119 1563 λα”γαν
1148 1465 1299 1540 διδόντων
1326 1467 1478 1563 ια’θατερ

311 1604 341 1677 oi
361 1603 406 1674 τὰ
426 1609 487 1687 τῆς
505 1602 662 1688 Ἀθηναίας
685 1603 901 1688 ταμιεύοντα,
925 1612 961 1673 et
983 1602 1019 1673 in
1041 1600 1110 1672 alia
1132 1599 1363 1694 inscriptione
1385 1598 1478 1669 infra

310 1730 422 1829 posita
439 1729 607 1827 leguntur
627 1751 771 1826 quoque
787 1728 894 1801 verba
909 1729 945 1799 ἐκ
961 1733 1188 1812 Παναθηναίων
1203 1727 1234 1799 ἐς
1257 1726 1477 1811 Παναθήναια.

311 1860 369 1931 An
392 1859 496 1931 unius
519 1858 690 1957 cujusque
724 1858 808 1930 anni
835 1855 918 1946 line,
946 1856 1006 1929 illo
1031 1882 1128 1930 anno
1152 1858 1269 1928 factus
1294 1834 1478 1955 catalogus

313 1992 474 2063 marmori
505 1990 711 2098 traderetur,
745 2014 912 2063 omnesve
944 1989 1068 2062 eodem
1104 2000 1263 2096 tempore
1292 1986 1337 2057 ad
1372 1986 1477 2058 finem

235 2156 238 2165 ·
311 2149 359 2200 sc.
376 2120 632 2223 Τετραετηρίδοι
649 2123 936 2214 inscriberentur,
957 2126 1052 2196 haud
1068 2122 1214 2196 omnino
1230 2130 1339 2216 patet.
1382 2119 1478 2192 Hinc

313 2268 407 2330 stant
437 2258 543 2329 verba
571 2254 607 2330 in
641 2254 739 2326 initio
772 2254 945 2352 cujusque
981 2250 1221 2348 inscriptionis
1253 2248 1366 2345 posita
1394 2246 1482 2332 edla
1595 2275 1596 2334 i

313 2388 495 2489 παρέδοσαν
522 2401 645 2464 mn.
662 2416 672 2473 ;
710 2384 819 2472 illinc,
854 2386 961 2459 verba
989 2385 1048 2457 illa
1073 2410 1094 2458 e
1123 2382 1400 2457 Fourmontiana
1423 2380 1479 2451 in·
1595 2473 1596 2478 Ἰ

313 2527 500 2623 scriptione
517 2526 623 2598 citata
638 2526 668 2596 oi
682 2522 734 2595 αἐὶ
747 2523 858 2619 ταμίαι
874 2519 939 2591 dic.
956 2518 1206 2618 quodquidam
1224 2516 1302 2589 fieri
1320 2513 1483 2613 nequivit
1595 2497 1596 2554 ἶ

313 2678 394 2727 cum
416 2648 618 2742 Qnaestores
637 2654 717 2726 novi
738 2652 886 2750 singulis
906 2652 1010 2725 annis
1034 2627 1122 2724 facti
1144 2650 1225 2735 sint,
1252 2649 1320 2756 nisi
1351 2644 1481 2746 singuli

313 2809 393 2858 cum
425 2809 551 2856 munus
584 2784 784 2880 explessent
814 2808 914 2856 suum
949 2787 1147 2886 catalogum
1183 2783 1352 2857 marmori
1379 2780 1481 2855 tradi·
1595 2846 1596 2849 ,

314 2914 478 2988 dissent¹.
507 2915 696 3002 Praeterea,
708 2913 744 2985 in
760 2917 938 2988 nonnullis
955 2919 1200 3004 marmoribus,
1217 2918 1313 2990 haud
1328 2916 1480 2988 eundern

312 3044 493 3117 literarum
524 3064 708 3116 numerum
735 3040 839 3116 lineis
867 3045 970 3144 hujus
995 3071 1038 3119 ac
1069 3046 1158 3119 illius
1186 3046 1285 3117 Anni
1302 3046 1485 3142 catalogo-

315 3201 405 3266 rum,
434 3201 490 3250 me
499 3175 637 3278 judice,
664 3176 888 3249 tribuendum
907 3203 984 3252 esse
1001 3181 1170 3266 ridemus,
1197 3204 1243 3252 ex
1263 3202 1337 3274 quo
1360 3200 1487 3250 omnes

315 3306 408 3380 haud
443 3308 565 3379 eodem
601 3316 758 3401 tempore
792 3304 941 3401 scriptos
974 3331 1051 3381 esse
1084 3307 1300 3404 probabilius
1331 3305 1488 3379 videtur.

316 3437 359 3514 In
396 3439 510 3536 primo
546 3438 707 3540 catalogo
745 3451 983 3512 memorantur
1024 3440 1226 3533 Quoestores
1257 3441 1343 3514 anni
1376 3450 1488 3512 antea

356 3683 364 3719 ¹
388 3685 618 3764 Osannus(Fasc.
630 3685 668 3747 ll.
684 3706 711 3762 p.
723 3682 783 3762 61.)
797 3683 874 3742 unius
923 3687 980 3760 ipse
998 3686 1170 3757 examinarit,
1191 3685 1390 3742 characterum
1415 3686 1493 3742 nulls

317 3787 446 3862 cujusque
458 3785 522 3843 anni
540 3785 740 3860 dispensatores
758 3783 784 3838 in
799 3781 875 3838 tubu-
923 3783 1065 3840 diversitas
1101 3790 1242 3859 appareat.
1293 3780 1389 3848 Quasi
1427 3800 1494 3839 vam

316 3882 369 3954 lar,
390 3882 453 3958 quid
475 3879 631 3956 acceperint
655 3886 683 3934 et
705 3875 876 3944 tradiderint,
924 3879 1114 3936 characterum
1132 3877 1222 3935 torma
1242 3878 1366 3935 Athenis
1390 3891 1496 3956 quarto

317 3977 474 4046 retulisses
492 3982 520 4031 et
559 3979 620 4047 post
657 3967 874 4042 quadriennium,
924 3991 1028 4048 quoque
1051 3989 1122 4028 auno
1148 3980 1310 4028 mutaretur.
1373 3972 1434 4029 Sed
1462 3993 1498 4031 ex

318 4087 433 4153 quatuor
452 4071 553 4130 classes
571 4069 787 4150 dispensaturum
802 4066 873 4142 quod
924 4069 1010 4127 tribus
1033 4067 1250 4143 inscriptionibus
1273 4065 1347 4141 apud
1373 4068 1500 4127 Chand-

318 4191 424 4250 quoque
438 4159 714 4240 anno'computatum
727 4173 797 4221 esset
808 4163 875 4238 lopi-
916 4163 1020 4233 lerum,
1039 4164 1085 4239 (P.
1099 4164 1136 4220 ll.
1165 4163 1253 4219 loscr.
1264 4161 1317 4218 lV.
1332 4168 1366 4220 l.
1393 4163 1457 4226 IV.
1472 4172 1501 4223 a.

319 4267 347 4322 di
373 4267 490 4346 insculpi
511 4264 624 4342 jussisse
650 4269 738 4336 putet.
792 4259 875 4328 Quod
925 4261 984 4336 V.),
1004 4260 1098 4335 paucis
1116 4258 1194 4316 annis
1216 4265 1279 4332 post
1294 4266 1397 4316 nosue
1421 4280 1502 4320 mar·

320 4363 411 4420 neseio
438 4384 473 4421 an
500 4363 582 4432 male,
608 4361 733 4436 quamvis
760 4358 877 4415 absurde
924 4375 1003 4416 mora
1015 4356 1121 4431 sculpta
1139 4370 1245 4412 morem
1258 4346 1411 4412 mutatum
1426 4376 1502 4435 asse,

323 4457 452 4515 Osuunus
477 4459 549 4514 hauc
574 4453 735 4513 sententiam
757 4459 875 4511 tueatur.
925 4459 954 4508 et
971 4449 1059 4506 eidem
1078 4447 1162 4524 lapidi
1182 4465 1235 4503 non
1255 4445 1310 4503 nisi
1324 4448 1419 4507 unius
1433 4452 1502 4509 anni

322 4555 366 4612 lta
389 4553 462 4610 euim
489 4571 546 4610 rem
571 4571 630 4614 esse
654 4552 705 4610 sibi
723 4549 807 4607 videri
828 4547 877 4616 ait,
927 4545 1082 4623 catalogum
1112 4541 1292 4602 commissum
1317 4558 1387 4602 esse
1425 4548 1505 4605 vide-
1595 4574 1596 4593 r

198 4657 205 4666 “
322 4648 392 4726 quod
406 4647 433 4704 in
450 4645 530 4720 hujus
549 4646 652 4722 generis
666 4645 797 4723 lapidibus
811 4660 877 4718 quos
928 4657 1000 4701 mus.
