3250 5350
594 505 852 556 srrsunrx.
1221 493 1290 554 381

151 681 183 733 et
198 667 409 753 supplendum
426 689 495 734 csse
512 674 657 731 ΗΟΙΔΕ.
711 668 757 732 Ut
778 665 929 753 reliquom
947 667 1088 732 versiculi
1108 683 1225 752 partern
1247 669 1295 734 in·
1412 729 1422 742 ‚

151 765 321 844 veniemus,
347 767 378 830 in
395 765 541 831 nutilium
558 767 717 830 vocandus
730 765 799 844 erit,
817 766 870 851 qui
884 766 1022 852 sequitur

226 881 266 946 V.
285 893 316 948 8.
343 886 1099 957 TE1x02n12TOTATENHELHIAEOENTO

146 1017 210 1082 quo
225 995 388 1074 docemur,
405 993 552 1080 quidnam
567 992 676 1079 reliq‘ui
692 995 798 1057 hostes
817 993 955 1076 feceriut,
975 1019 1054 1080 quos
1068 993 1142 1058 illud
1159 999 1294 1060 HOlAE

145 1092 279 1172 induxit,
298 1091 416 1157 scilicet
432 1091 623 1155 munimenta
642 1089 725 1154 urbis
748 1094 933 1156 tutissimam
955 1116 1036 1176 spem
1053 1091 1187 1156 arbitrati
1212 1109 1294 1157 sunt.

151 1190 327 1278 Cujusnsm
346 1192 456 1274 speml
485 1189 612 1274 Nempe
627 1189 731 1252 salutis
750 1189 813 1253 sive
832 1191 910 1254 vitae.
955 1191 987 1252 N
991 1214 1031 1253 on
1045 1189 1136 1272 igitur
1151 1191 1293 1265 dubium,

151 1289 226 1373 quin
247 1289 278 1352 in
305 1289 368 1351 fine
386 1286 565 1372 po'sterioris
594 1293 665 1350 BIO
686 1310 820 1350 marmor
842 1287 993 1351 hahuerit.
1036 1284 1108 1349 Jnm
1128 1288 1295 1371 superioris

146 1409 253 1449 versus
268 1387 409 1450 delectus
426 1409 482 1448 sua
504 1398 616 1469 sponte
641 1382 780 1448 sarcitur.
835 1383 918 1448 Nam
939 1384 1115 1448 Potidaearae
1139 1408 1200 1447 nou
1218 1385 1295 1448 intra

151 1483 344 1546 munimenta
360 1483 445 1546 urbis
464 1506 497 1545 se
515 1480 740 1560 continuerant,
766 1483 850 1566 quod
875 1481 1045 1546 indicarent
1062 1485 1155 1544 verba
1182 1481 1295 1571 τεῖχος

150 1577 369 1667 πιστοτάτην
383 1567 489 1643 ἐλπίδ’
507 1568 625 1643 ἔθεντο
648 1573 733 1660 βίον,
760 1579 785 1642 si
802 1579 868 1642 sola
888 1579 1072 1662 legerentur,
1096 1581 1149 1641 sed
1168 1579 1294 1662 egressi,

152 1692 186 1741 ut
201 1677 382 1762 exciperent
398 1675 611 1740 advenientem
628 1677 765 1741 hostium
788 1677 959 1740 exercitum
978 1689 1010 1740 et
1027 1700 1130 1760 pugna
1148 1677 1295 1760 superati,

153 1775 232 1839 intra
248 1798 286 1838 ea
303 1777 377 1858 luga
395 1773 527 1838 salutem
544 1773 709 1860 petierant.
760 1765 997 1838 Ποτειδανᾶται
1027 1763 1062 1838 dd
1085 1769 1185 1838 nal-oi
1208 1769 1296 1850 μετὰ

146 1866 329 1962 Ἀριστέως
364 1861 624 1947 Πελοποννήσιοι
661 1859 915 1963 προσδεχόμενοι
946 1865 1019 1940 ‘roris
1049 1866 1231 1948 Ἀθηναίους
1265 1867 1298 1937 ἑ-

156 1959 468 2059 στρατοπεδεῦνντο
486 1965 568 2059 rrpdc
584 1964 730 2055 Ὀλύνθῳ
737 1964 771 2033 ἐν
787 1971 836 2054 τῷ
852 1969 1075 2046 ἱσθμῶ-ἕιηοκ
1090 1996 1194 2056 pugna
1208 1995 1297 2035 corn-

150 2069 246 2133 misss
270 2068 364 2132 vincit
387 2069 419 2131 in
440 2091 538 2132 cornu
560 2091 618 2130 suo
633 2067 780 2131 Aristeas.
834 2062 881 2140 Td
899 2057 933 2131 dd
954 2057 1044 2132 rihho
1067 2060 1299 2152 στρατόπεδον

158 2155 406 2231 Ποτειδαιατῶν
427 2163 481 2230 καὶ
500 2163 774 2241 Πελοποννησίων
791 2158 922 2240 ἡσσᾶτο
941 2158 1006 2228 rirrd
1021 2164 1091 2228 τῶν
1112 2155 1300 2244 Ἀθηναίων,

157 2261 220 2328 καὶ
245 2259 279 2332 ἐς
308 2259 360 2329 sd
391 2261 530 2354 τεῖχος
561 2254 797 2351 κατέφυγεν
815 2262 963 2344 Thucyd.
979 2284 1002 2325 1.
1021 2263 1074 2326 62.
1116 2261 1180 2325 Hic
1198 2262 1297 2346 ipsam

156 2385 279 2438 vocem,
293 2386 354 2448 qua
372 2377 456 2426 caret
470 2384 587 2438 versus,
604 2359 768 2423 historicus
784 2360 876 2424 nobis
894 2361 996 2439 offert,
1010 2383 1124 2444 nempe
1138 2361 1229 2424 scrib.

548 2480 682 2538 ΗΟΙΔΕ
704 2481 928 2539 ΦΥΛΟΝΤΕΣ

158 2586 197 2636 ut
213 2586 314 2638 toturn
332 2573 486 2638 distichon
502 2573 541 2636 sit

234 2680 387 2777 Ἐχθρῶν
404 2677 431 2750 d'
443 2685 475 2753 ol
489 2680 548 2767 μὲν
564 2678 678 2776 ἔχουσι
692 2684 808 2776 τάφον
824 2681 929 2777 μέρος,
952 2685 983 2751 oi
999 2676 1034 2753 dd
1050 2682 1258 2778 φυγόντες

284 2784 405 2876 Τεῖχος
422 2778 640 2861 πιστοτάτην
653 2776 756 2850 ἐλπίδ’
769 2777 887 2852 ἔθεντο
900 2780 996 2871 βίον

157 2922 223 2987 qua
235 2899 353 2963 ratione
371 2911 442 2964 ante
455 2922 506 2964 me
518 2902 587 2986 jsrn
609 2925 629 2965 a
644 2898 796 2965 Visoonto
811 2901 871 2965 ruit
886 2900 1097 2964 constitutum.
1153 2902 1301 2967 Ceterum

158 3001 246 3084 quod
263 2998 458 3082 epitaphium
476 2998 600 3081 poetice
620 2998 786 3084 eloquitur,
812 3001 917 3064 hostes
939 3000 1062 3083 fugatos
1087 3001 1169 3064 urbis
1197 3001 1304 3065 muni-·

158 3108 267 3161 menta
284 3096 469 3161 tutissimam
486 3097 593 3161 salutis
610 3120 700 3181 spem
723 3097 880 3172 habuisse,
898 3098 927 3159 id
944 3096 1008 3174 ille,
1031 3097 1095 3159 sine
1111 3112 1232 3176 ornatu,
1254 3122 1303 3163 eos

158 3197 249 3259 intra
264 3217 367 3258 muros
372 3195 500 3281 fugisse
522 3194 598 3258 dicit
613 3193 683 3277 ipso
700 3198 806 3267 verbo,
834 3196 920 3277 quod
935 3193 966 3255 in
989 3216 1143 3256 marmore
1158 3216 1228 3256 esse
1245 3198 1302 3258 dc·

156 3290 239 3366 huit,
267 3304 400 3355 servato.
448 3289 523 3354 Jarn
547 3291 578 3353 in
605 3290 701 3374 priori
727 3314 816 3354 versu
841 3289 981 3364 vidimus,
1012 3289 1171 3373 epitaphio
1197 3305 1303 3355 nostro

161 3389 352 3466 confirmari,
379 3390 464 3472 quod
481 3386 534 3451 ille
553 3390 594 3451 de
615 3386 732 3451 traditis
756 3390 796 3451 ad
818 3390 1008 3471 sepulturam
1026 3387 1166 3452 hostibus
1183 3412 1303 3453 memo·

162 3498 293 3551 rarerst.
346 3486 435 3547 ldem
452 3485 484 3547 in
508 3484 566 3558 his,
596 3509 665 3570 quae
689 3488 824 3569 defuga
847 3484 926 3549 intra
949 3509 1053 3550 rnuros
1075 3489 1304 3573 subjunguntur

162 3585 243 3648 inter
266 3584 334 3667 ejus
354 3581 514 3646 historiam
540 3595 572 3645 et
594 3584 654 3647 hoc
673 3583 836 3667 publicum
855 3584 960 3667 patriae
985 3606 1047 3648 suae
1067 3597 1303 3650 monumentum

101 3721 111 3731 ·
165 3694 339 3746 concentus
351 3679 493 3744 cernitur.
548 3680 675 3766 Nempe
692 3680 904 3763 Thucydides,
926 3696 960 3745 ut
972 3682 1101 3759 scimus,
1124 3682 1304 3767 priusquam

164 3800 249 3862 opus
266 3778 466 3844 scribendum
483 3781 707 3863 aggrederetur,
737 3778 900 3862 diligenter
921 3778 1046 3863 collegit
1062 3792 1155 3863 atque
1176 3780 1254 3843 inter
1270 3804 1304 3845 se

164 3876 309 3951 contulit,
336 3898 406 3962 quse
437 3878 476 3940 sd
507 3876 580 3942 belli
611 3876 833 3960 Pelrponnesii
861 3876 1017 3941 historiam
1044 3875 1244 3961 pertinerent,
1269 3892 1305 3943 ut

163 3976 252 4041 istud
267 3968 378 4051 κτῆμα
396 3967 426 4043 ἒς
442 3966 492 4038 del
505 3974 606 4039 solido
623 3977 826 4039 fundamento
844 3988 1079 4059 superstrueret.
1103 3973 1152 4039 Ac
1165 3990 1304 4041 nostrum

162 4073 291 4159 quidem
315 4071 507 4160 epitaphium
533 4072 564 4135 in
587 4072 782 4156 Thucydidis
812 4072 912 4157 patris
934 4086 966 4137 et
990 4075 1073 4137 velut
1099 4091 1170 4136 ante
1197 4076 1304 4137 oculos
1425 4108 1426 4111 ¹

165 4170 281 4236 civium
300 4170 479 4256 expositum
499 4170 595 4233 latere
620 4194 693 4234 eum
715 4194 776 4234 non
803 4170 916 4255 potuit.
968 4170 1018 4233 Eo
1044 4170 1135 4255 igitur
1158 4184 1306 4256 tanquam

166 4272 369 4348 documento,
395 4271 479 4353 quod
496 4266 541 4331 rei
558 4280 653 4352 gestie
669 4268 851 4333 memoriam
869 4268 931 4333 lide
950 4269 1076 4353 publica
1093 4267 1307 4351 consignatam

168 4366 303 4453 posteris
328 4370 472 4442 traderet,
494 4366 526 4430 in
536 4366 744 4433 describenda
760 4390 868 4452 pugna
892 4370 930 4432 sd
951 4367 1125 4431 Potidnam
1143 4366 1308 4433 oomurisss

170 4486 263 4529 usum
286 4488 355 4529 esse
382 4478 516 4529 statuere
541 4465 657 4530 licebit.
711 4466 859 4531 Ceterum
888 4465 920 4529 in
947 4465 993 4529 his
1016 4487 1142 4553 quoque
1159 4463 1307 4529 ¹versibus
1414 4498 1423 4513 =

171 4562 331 4645 nonnulla,
359 4587 427 4649 quae
456 4567 494 4629 sd
521 4579 654 4630 veterem
683 4564 933 4650 orthographiam
966 4564 1130 4650 pertinent,
1152 4568 1313 4630 observatu
