3250 5350
107 504 219 565 secr.
245 492 304 571 lh]
535 507 869 559 rusureuurrr.
1209 490 1277 551 21⁵

53 662 64 684 '
109 678 160 772 τῇ
184 669 329 758 Αθηναῖᾳ
361 666 406 737 rd
435 668 608 762 τρισχίλια
638 664 790 735 τάλαντα
821 662 1051 755 &marimum
1082 659 1116 734 ἐς
1141 661 1283 735 πόλινᾶ

107 806 304 903 ἐψήφιστο.
367 800 473 875 Hanc
513 799 713 898 pecuniam,
752 808 791 871 ut
822 822 869 873 ex
900 798 1020 871 cedern
1055 797 1286 893 inscriptione

109 937 297 1019 discimus,
326 934 531 1025 eroestnres
564 954 635 1003 non
672 929 745 1003 nisi.
780 926 962 1003 Plebisciti
994 922 1206 1001 auetoritste
1241 952 1287 1001 ex

112 1064 246 1139 mmsis
270 1061 433 1135 emisere.

190 1192 320 1267 Paucis
329 1192 407 1290 jum
418 1192 618 1276 dicendum,
641 1214 730 1288 quor
746 1190 931 1263 thesauros
948 1190 1107 1263 Deorum
1125 1192 1287 1287 proprios

113 1326 328 1415 Quaestores
355 1324 620 1398 custodiverint.
675 1326 792 1422 Agros
817 1324 1009 1420 aliquando
1036 1324 1287 1398 frumentarios

115 1462 158 1533 in
181 1484 285 1533 usum
310 1460 469 1533 Deorum
497 1479 678 1531 sacravere
702 1456 762 1556 qui
778 1458 911 1553 pictate
933 1458 1018 1531 clari
1036 1458 1112 1531 lieri
1133 1460 1312 1549 voluere·

114 1594 264 1691 quadiu
280 1592 663 1669 DelofecirseNiciem
679 1592 1084 1667 testeturl‘lutarclrus'.
1129 1592 1290 1693 Singulis
1363 1606 1368 1617 ‘

117 1726 201 1798 Diis
224 1727 307 1798 data
328 1746 406 1799 erse
428 1722 633 1820 arvipendih
657 1733 781 1796 auctor
801 1734 856 1796 est
878 1722 1138 1820 Harpocration
1148 1728 1174 1797 ⁹.
1221 1726 1291 1800 Vix

117 1876 210 1949 opus
243 1864 298 1927 est
330 1865 369 1926 ut
402 1852 558 1927 decimas
588 1852 772 1949 prmdiales
801 1876 1005 1927 memorem.
1059 1854 1099 1928 Si
1131 1854 1291 1954 Diogeni

119 1986 266 2061 laertio
284 1984 372 2059 fides
389 1984 610 2067 adhibeatur,
628 1984 709 2083 lege
726 1982 864 2057 Solonis
884 1984 1015 2083 singuli
1034 1986 1292 2059 Athenienses⁸

116 2114 278 2189 decimus
300 2115 443 2213 frugum
469 2114 625 2187 inarum
650 2112 807 2185 Deorum
830 2113 1053 2208 separabant.
1106 2114 1178 2188 Sed
1201 2139 1294 2212 prm·

121 2259 222 2321 teres
248 2246 326 2319 nlius
352 2244 498 2319 decium
527 2268 570 2317 ex
598 2242 703 2316 rebus
730 2240 823 2317 bello
846 2243 968 2339 partis,
997 2268 1045 2317 ex
1069 2248 1292 2347 vectigalium

121 2378 369 2474 proventibus,
384 2400 429 2450 ex
446 2374 548 2449 bonis
567 2372 652 2447 lisca
672 2374 800 2446 additis
818 2385 855 2446 et
868 2374 1065 2470 publicatis,
1080 2376 1161 2451 Diis
1178 2403 1294 2454 sacra·

124 2509 259 2583 buntur
268 2508 291 2577 ⁴.

198 2640 308 2733 Quod
322 2637 477 2712 decimas
494 2636 638 2712 erebus
656 2636 749 2712 bello
766 2638 878 2735 partis
891 2638 1139 2735 provenientes
1155 2645 1294 2734 attinet,

117 2771 287 2867 exempla
312 2770 446 2867 ubique
472 2771 694 2843 occurrunt
746 2771 902 2870 Insignis
928 2773 1025 2846 locus
1053 2777 1169 2850 estin
1191 2777 1295 2852 'Phu-

121 2906 253 3005 cydide
265 2905 279 2944 ⁶
305 2905 363 2978 uhi
381 2928 471 3002 agro
497 2902 708 3001 Mitylenen
731 2907 765 2977 in
784 2905 860 2978 tria
878 2907 984 2980 millia
1002 2912 1154 3004 partium
1171 2913 1296 3002 diviso,

122 3053 298 3116 trecente
338 3037 498 3113 Deorum
531 3039 569 3110 iu
606 3061 706 3114 usum
736 3039 862 3113 dicate
890 3050 983 3114 sunt
1034 3043 1167 3119 Palladi
1203 3070 1297 3144 saepe

123 3170 304 3269 ejusmodi
321 3168 475 3240 decimas
491 3166 652 3240 detulere
670 3168 909 3242 Athenienses
919 3172 944 3240 ⁷.
996 3172 1163 3245 Decimus
1179 3185 1298 3247 autem
1329 3267 1333 3271 ‚
1464 3159 1468 3173 ’

122 3329 173 3377 ex
184 3303 266 3376 auri
275 3302 488 3402 argentique
502 3300 632 3374 fodinis
646 3301 726 3376 Diis
738 3303 886 3378 Grecos
896 3325 1053 3377 sacrasse
1063 3329 1108 3378 ex
1118 3305 1301 3381 Herodoto

124 3449 227 3537 patet
238 3441 262 3511 ⁸.
306 3437 492 3511 Postremo
510 3435 667 3509 decimus
689 3460 710 3508 e
730 3437 832 3511 bonis
850 3438 1302 3537 maleficorum-publicatis

128 3567 212 3644 Diis
241 3569 338 3665 apud
369 3566 606 3640 Athenienses
640 3568 736 3639 rlams
769 3593 847 3641 esse
877 3581 1027 3642 testatur
1059 3571 1266 3669 Xenophon
1276 3577 1302 3644 ⁹.

171 3765 179 3796 ¹
202 3763 278 3822 Plut.
294 3765 353 3823 Vit.
374 3764 439 3823 Nic.
481 3763 524 3819 De
545 3781 611 3836 agro
625 3763 694 3821 Scil·
781 3765 791 3798 ⁵
812 3765 858 3825 Cf.
875 3765 978 3840 Spauh.
996 3767 1070 3825 Diss.
1090 3769 1143 3825 lX.
1156 3770 1191 3826 de
1208 3780 1302 3846 praest.

126 3861 224 3919 lunteo
238 3880 257 3916 a
271 3859 453 3935 Xenophonte
472 3858 571 3916 Dianae
589 3873 695 3919 sacrato
746 3862 832 3918 Num.
844 3879 871 3936 p.
886 3858 954 3928 669.
975 3873 1003 3920 et
1016 3864 1051 3920 ad
1064 3863 1169 3924 Julian.
1184 3867 1265 3926 Orat.
1280 3867 1303 3921 l.

124 3963 315 4014 resnotaest.
329 3955 400 4012 Xeu.
415 3953 504 4010 Ansb.
521 3953 557 4010 V.
571 3957 600 4013 8.
616 3960 643 4012 3.
746 3975 774 4032 p.
786 3963 851 4017 ets.
894 3955 999 4016 Herod.
1016 3957 1038 4017 l.
1055 3963 1107 4028 89:
1136 3958 1218 4036 Epig.
1231 3958 1303 4032 npud

176 4049 334 4127 ‘Herpom
348 4053 695 4124 voce’Aroprodrrpa'rur.
748 4055 867 4110 Pausau.
882 4053 920 4111 V.
936 4060 989 4113 10..
1313 4068 1317 4074 '

173 4150 185 4180 ⁸
206 4147 253 4206 cf.
263 4147 347 4224 Diog.
360 4147 451 4206 Laert.
463 4147 491 4203 in
503 4147 597 4207 Solon.
609 4169 636 4208 n.
648 4157 695 4211 53.
785 4145 796 4177 ⁶
815 4147 943 4223 Thucyd
958 4147 1012 4203 lll.
1026 4151 1074 4202 50.

128 4252 161 4300 et
181 4241 275 4318 Biagi.
299 4241 377 4298 Mon.
392 4241 513 4299 Nanian.
527 4241 610 4300 Tum.
626 4243 648 4300 l.
669 4263 695 4316 p.
784 4237 793 4272 ²
815 4242 859 4298 Ch
872 4241 1021 4299 Demosth.
1033 4240 1303 4315 c.'l'imocr.p.412.

127 4343 205 4398 210.
745 4337 798 4409 (ed.
813 4336 940 4414 Taylor.)
952 4336 1056 4394 Herod.
1070 4336 1108 4393 V.

169 4433 251 4497 ⁴Cl.
288 4435 370 4510 Epig.
401 4437 473 4512 apud
500 4435 614 4494 Diodor.
643 4433 696 4493 Xl.
786 4431 1307 4513 ⁸Heronlllununictttesseling.

125 4533 255 4591 Pausan.
278 4531 315 4587 V.
341 4539 387 4595 10.
411 4543 439 4592 et
460 4533 550 4610 ipsum
572 4532 699 4608 Xenoph.
751 4531 922 4590 Pansamx.
938 4537 984 4587 11.
1025 4527 1308 4614 Suid'uocsErpnoe.

125 4625 230 4684 Anah.
245 4623 284 4683 V.
297 4629 327 4688 3.
341 4629 369 4684 5.
790 4625 801 4657 ⁹
822 4625 896 4685 Xeu.
911 4623 985 4688 Hell.
1001 4626 1023 4686 l.
1038 4633 1066 4693 7.
1078 4625 1107 4686 6.
