3250 5350
266 403 325 475 lxx
684 429 1025 482 enonaoousna.

269 605 401 680 magna
421 579 614 655 'volumina
642 582 825 655 titulorum
854 607 877 654 a
910 607 950 655 se
981 585 1058 677 ipso
1087 579 1226 654 summa
1251 606 1350 672 cura,
1381 586 1459 658 dili·

267 709 392 806 gentia
414 721 523 805 atque
552 710 713 782 doctrina
735 711 916 805 exscripta
942 710 1043 782 mihi·
1058 711 1316 797 commodavit;
1345 712 1403 786 hic
1420 715 1459 785 in

269 863 388 911 meum
405 865 507 913 usum
531 864 655 912 omnes
672 839 794 912 titulos
811 842 858 913 ad
882 863 998 913 meam
1020 863 1095 913 rem
1121 841 1309 926 facientes,
1339 845 1461 937 (valde

263 969 412 1063 quidem
447 969 624 1064 pretiosos
665 969 744 1040 illos
781 980 819 1042 et
856 994 1008 1062 summo¹
1031 971 1152 1042 fructu
1191 972 1360 1065 refertos)
1396 975 1461 1069 qui
1597 1068 1598 1073 ἵ

267 1100 306 1172 in
344 1101 416 1174 suis
454 1101 595 1174 schedis
637 1103 773 1175 exarati
802 1114 937 1190 essent,
968 1104 1168 1196 descripsit,
1206 1103 1339 1176 notulis
1380 1105 1462 1201 qui·

268 1231 418 1304 busdam
453 1232 676 1306 doctissimisv
696 1232 857 1328 adjectis.
924 1235 1030 1324 Quod
1061 1233 1156 1306 idern
1192 1257 1339 1330 quoque
1373 1235 1463 1307 fecit

269 1363 326 1437 vir
358 1364 517 1460 eleganti
550 1365 701 1459 quadam
736 1364 900 1436 doctrina
929 1363 1096 1461 insignis,
1135 1361 1298 1436 Thomas
1338 1363 1463 1435 Smart

268 1491 435 1590 Hughes.
480 1492 557 1564 Viri
575 1495 662 1591 jure
678 1493 918 1593 celeberrimi
935 1494 1091 1567 Tuomae
1116 1493 1262 1591 Youog
1291 1494 1463 1591 benigni-

268 1625 333 1696 tati
363 1625 633 1720 inscriptionem
663 1630 758 1722 apud
786 1625 953 1699 Frerium
971 1633 1213 1728 asservatam,
1239 1633 1278 1695 et
1309 1623 1461 1696 eximias

270 1751 441 1850 quasdam
454 1772 457 1776 ’
480 1757 525 1826 de
555 1755 737 1828 Leucadia
766 1754 1002 1850 inscriptione
1035 1738 1303 1826 observationes
1331 1753 1461 1824 debeo.

268 1882 540 1957 Humanitatem
573 1886 720 1959 Ricardi
757 1883 882 1980 Payne
913 1883 1054 1981 Knight
1092 1906 1163 1980 ego
1193 1891 1291 1953 certe
1322 1881 1460 1953 meritis

270 2012 436 2084 laudibus
471 2015 602 2109 exequi
640 2037 797 2109 nequeo,
841 2013 978 2108 quippe
1013 1980 1083 2106 qui
1112 2012 1299 2083 thesauros
1333 2009 1461 2086 Musei

270 2137 326 2208 sui
376 2138 464 2211 mibi
517 2139 741 2234 patefecerit,
785 2161 959 2233 suamque
1009 2141 1079 2209 de·
1107 2137 1228 2209 multis
1279 2135 1462 2230 inscripti·

270 2265 400 2340 onibus
434 2267 649 2341 sententiam
678 2291 819 2340 mecum
854 2265 1180 2339 communicaverit.
1234 2261 1315 2335 Has
1339 2263 1462 2337 literas

269 2419 411 2493 semper
436 2397 579 2483 amavit,
606 2396 832 2471 has'summo
858 2397 1019 2469 omnium
1037 2398 1224 2468 doctorum
1252 2397 1372 2467 fructu
1398 2419 1464 2467 ex-

270 2527 399 2609 coluit·
424 2527 648 2624 longumque
698 2529 834 2600 utinam
880 2526 1053 2600 excolat·
1079 2519 1260 2599 Gulielmo
1301 2525 1465 2598 Wilkins

270 2655 432 2749 quamvis
456 2657 493 2727 in
516 2656 587 2729 alio
604 2657 685 2729 loco
701 2657 835 2754 gratias
859 2656 1011 2752 egerim,
1036 2657 1094 2728 hic
1111 2667 1232 2728 tamen
1253 2656 1349 2727 haud
1373 2653 1465 2726 mihi

270 2794 474 2879 temperare
490 2808 634 2879 nequeo
658 2786 746 2881 quin
776 2786 825 2859 ob
842 2786 921 2882 ejus
938 2786 1118 2882 insignem
1143 2808 1231 2881 erga
1248 2808 1307 2856 me
1336 2784 1466 2855 libera-

269 2912 404 2985 litatem
431 2936 553 2984 rursus
578 2936 699 3010 agam.

345 3038 644 3115 Benevolentiam
690 3040 837 3114 illustris
880 3042 947 3115 riri
989 3042 1174 3114 Frederici
1221 3044 1373 3117 Comitis
1415 3045 1466 3116 de

270 3169 449 3257 Guilford,
476 3180 511 3241 et
546 3168 651 3241 Pauli
694 3170 794 3243 Petri
832 3169 981 3243 Dobree
1010 3170 1135 3264 (quem
1170 3171 1249 3266 quis
1280 3194 1326 3243 ex
1361 3181 1466 3243 coetu

270 3301 455 3371 doctorum
484 3299 664 3371 aut-domi
694 3310 759 3373 aut
786 3300 871 3372 loris
907 3301 1002 3371 haud
1036 3298 1184 3393 suspicit
1213 3311 1323 3394 atque
1353 3300 1467 3372 mira-

269 3429 369 3520 turi)
407 3428 580 3501 inlibris
609 3431 810 3503 'rarioribus
853 3429 939 3501 mibi
977 3430 1257 3516 commodandis,
1295 3430 1406 3526 longe
1441 3456 1469 3503 a

270 3578 328 3629 me
367 3555 414 3627 sit
451 3557 519 3629 iste
549 3558 690 3630 animus
724 3569 766 3630 ut
798 3557 943 3629 silentio
973 3570 1196 3650 praeteream.
1265 3556 1467 3631 Guilfordii

269 3683 415 3779 quidem
432 3686 652 3761 bibliotheca
671 3689 765 3761 haud
778 3688 918 3761 'inanes
939 3687 1025 3759 istos
1052 3695 1168 3781 atque*
1186 3686 1467 3761 inutileslibros

268 3819 415 3892 exhibet
443 3844 547 3917 quos,
575 3845 657 3894 curn
687 3832 751 3893 aut
774 3821 971 3917 pervetusti
998 3822 1082 3906 sint,
1107 3829 1172 3890 aut
1197 3819 1295 3912 apud
1322 3841 1466 3913 paucos

269 3957 403 4036 extent,
433 3956 471 4021 et
495 3958 671 4042 praeterea
697 3972 744 4021 ne
777 3947 890 4019 hilum
920 3947 1065 4041 quidem
1095 3944 1254 4017 utilitatis
1288 3944 1465 4031 babeant,

267 4072 434 4148 hodierni
469 4075 653 4162 mirantur,
680 4079 742 4150 sed
772 4076 881 4149 libros
915 4077 952 4148 in
982 4077 1079 4149 omni
1110 4076 1201 4148 fere
1219 4074 1346 4173 lingua
1369 4084 1465 4145 c'on-

266 4202 429 4296 scriptos,
455 4215 493 4277 et
521 4228 664 4277 ornnem
683 4207 761 4277 fere
787 4204 974 4276 materiem
1003 4226 1084 4298 quae
1107 4203 1144 4273 in
1173 4201 1357 4272 hominum
1384 4199 1464 4274 dis-

265 4334 488 4430 putationem
509 4338 604 4411 cadit
632 4337 861 4423 illustrantes,
887 4359 986 4408 raros
1014 4336 1159 4429 quidem
1188 4344 1225 4406 et
1245 4332 1333 4444 illos,
1347 4370 1351 4379 ·
1364 4355 1462 4429 quos

187 4556 192 4566 ι
266 4464 401 4539 scilicet
429 4468 544 4563 ipsius
576 4466 770 4543 Guillordii
804 4468 1030 4563 cura'atque'
1060 4466 1249 4563 diligentia
1282 4468 1461 4537 exomni
