3250 5350
675 488 745 562 263

454 804 607 883 coss.
636 800 714 881 lv,
769 801 924 881 lusco.
958 798 995 877 Ι.

337 1008 651 1084 INSCRIP'I'IO
692 1006 1052 1083 ORCHOMENIA
1080 1007 1116 1078 l.·

593 1214 686 1275 TAB.
708 1214 854 1271 XXXIX.
994 1214 997 1225 '

662 1410 788 1447 4

39 1504 118 1684 323
208 1579 309 1645 tenus
328 1578 435 1661 Geog.
458 1602 494 1663 p.
511 1586 585 1649 842.
606 1581 673 1658 (ed.
693 1578 800 1652 1728.)
845 1575 1000 1662 Wulpole,
1019 1602 1051 1662 p.
1067 1576 1144 1649 469,
1189 1578 1303 1643 Clarke

39 1720 57 1781 u
62 1772 186 1795 ,,,,,,,,
200 1676 251 1745 Ῐῦ·
278 1677 376 1743 T0m·
400 1676 477 1740 Vll·
500 1702 533 1762 p.
565 1686 637 1750 190.
681 1675 825 1740 Viscouti
848 1674 952 1741 Catsl.
984 1676 1102 1739 Murm.
1133 1676 1237 1761 Elgin.
1268 1702 1304 1762 p.

39 1822 114 1896 mo

39 1932 63 1995 V
195 1929 401 2017 Munuon
432 1940 565 2038 triplici
595 1940 808 2038 Epigruphe
838 1940 982 2041 insigne
1012 1944 1236 2017 Orchomeni
1273 1968 1330 2016 re-

39 2036 54 2103 i
171 2039 266 2148 tium
295 2077 461 2148 nuncin
488 2074 624 2148 Museo
652 2076 864 2147 Britannico
890 2092 1104 2149 asservatur.
1148 2075 1328 2147 Dobraeus

39 2254 81 2321 Μ
167 2221 238 2275 ocu
281 2207 350 2277 sed
383 2205 516 2278 eximia
557 2207 603 2277 de
638 2206 752 2277 tribus
783 2206 884 2277 hisce
918 2204 1211 2301 inscriptionibus
1249 2201 1330 2276 curn

195 1784 252 1843 55.
299 1775 427 1841 Buckh.
444 1774 538 1841 Toni.
559 1774 609 1839 ll.
628 1799 662 1859 p.
681 1781 758 1840 855.

164 2335 273 2408 srkio
319 2334 609 2409 communicavit.
679 2337 738 2408 Ad
780 2337 933 2409 eundern
971 2357 1046 2407 rem
1083 2358 1208 2406 omnes
1249 2359 1332 2429 per-

155 2494 239 2543 rere
282 2472 405 2543 docet.
473 2470 639 2543 Eubulus
685 2470 823 2543 scilicet
865 2466 1118 2543 Orchomeniis
1170 2478 1330 2539 rnutusur

146 2602 279 2681 ederat
315 2602 507 2698 pecuniam
536 2602 641 2702 cujus
667 2626 750 2700 pars
779 2602 945 2698 quaeduur
977 2606 1099 2671 rr'rense
1131 2598 1333 2671 Theluthio

136 2733 241 2837 pluto
266 2741 336 2804 est.
388 2733 471 2804 Huc
495 2732 591 2804 facto
615 2734 838 2830 syngraphus
863 2756 946 2829 quae
970 2731 1067 2826 apud
1098 2729 1331 2826 Euphronem

126 2848 152 2953 β
209 2860 312 2932 aiios
361 2858 598 2931 servabuntur
639 2859 757 2931 irritas
792 2860 990 2943 faciendus,
1028 2883 1212 2957 novasque
1247 2861 1335 2932 seri-

123 2966 269 3107 pendas
300 3012 381 3059 esse
409 2987 511 3083 plebs
541 2990 676 3060 statuit.
731 2987 956 3088 Syngruphae
983 3016 1098 3075 novae,
1127 3001 1167 3062 ut
1201 3015 1247 3062 ex
1279 2989 1335 3062 in-

122 3123 332 3219 criptione
368 3123 528 3193 secunda
565 3131 675 3215 putet,
713 3107 810 3216 opud
849 3123 1037 3218 Sophiiunr
1069 3134 1105 3194 et
1142 3123 1229 3195 alios
1261 3146 1334 3196 ser-

117 3256 324 3344 ¹rabuntur,
360 3263 397 3324 et
431 3255 527 3350 quod
569 3252 750 3349 reliquum
791 3265 869 3325 erut
908 3254 1075 3347 pecuniae
1110 3253 1239 3340 soluto,
1276 3255 1334 3324 hae

113 3366 281 3487 puoque
325 3385 453 3455 eodem
497 3383 603 3453 modo
647 3406 722 3478 quo
761 3380 902 3478 priores
944 3380 1054 3454 irritus
1093 3382 1200 3454 factae
1238 3392 1335 3453 sunt.

113 3516 264 3597 Postea
307 3514 346 3586 in
385 3512 621 3616 inscriptione
654 3512 762 3584 tertio
807 3510 1074 3585 Orchomenios
1115 3522 1154 3583 ut
1191 3508 1336 3583 Eubulo

107 3647 359 3726 ›enefactori
385 3667 543 3739 suuper
570 3653 731 3740 quatuor
756 3663 872 3713 annos
897 3643 1008 3713 boues
1036 3651 1145 3736 atquc
1177 3642 1337 3735 pecudes

99 3805 137 3852 ,η
190 3771 365 3872 publicis
399 3773 499 3845 urbis
532 3773 632 3870 agris
672 3797 822 3869 pascere
858 3773 984 3845 liceret
1020 3773 1223 3845 decrevisse
1267 3784 1337 3844 tru-

97 3914 228 3986 tlitur.
290 3905 390 3977 'Puto
406 3906 501 3978 coelo
516 3907 663 3978 aberrat
681 3905 889 3979 Viscontius
920 3904 982 4001 qui
1006 3906 1041 3976 in
1071 3906 1139 3975 hoc
1162 3928 1338 3976 marmore

90 4044 252 4118 foedus
294 4038 339 4105 de
380 4039 521 4132 pascuis
563 4036 659 4109 inter
691 4037 839 4108 Eiateos
875 4047 912 4109 et
950 4035 1214 4109 Orchomenios
1253 4061 1339 4108 con·

88 4171 238 4248 tineri
277 4177 389 4262 putot.
444 4167 627 4239 Bockhius
662 4169 789 4239 eodeni
821 4167 898 4239 fere
928 4171 1033 4239 modo
1060 4190 1134 4262 quo
1163 4167 1340 4239 Dobraeus
1446 4178 1448 4186 ’

90 4327 192 4376 rem
244 4295 417 4390 explicat,
455 4298 592 4368 addens
629 4296 824 4382 Eubulum,
872 4321 945 4394 quo
980 4307 1144 4390 ternpore
1178 4307 1338 4370 rnutuaur

87 4427 394 4508 Orchomeniis
430 4429 622 4526 pecuniam
658 4432 809 4517 dederit,
850 4430 896 4501 ab
936 4431 977 4501 iis
1018 4426 1171 4501 vicissim
1207 4451 1341 4525 pascua

86 4559 244 4662 quasi
272 4559 407 4654 pignus
430 4563 626 4656 accepisse.
