3250 5350
155 496 284 562 lusca.
309 490 420 571 v111.]
731 496 797 557 185

234 667 285 759 (1)
330 662 469 737 mmm
483 663 709 767 angularem,
727 664 875 761 longum
891 686 947 739 vn
958 664 1056 761 ped„
1072 662 1181 739 iatam
1194 686 1236 737 rv
1253 663 1347 761 ped„

154 820 311 869 crassam
333 796 488 892 sesquip.

232 928 379 1001 Imbrex
409 952 631 1003 marmoreus
662 930 760 1002 baud
787 952 855 1003 sato
875 928 952 1001 loco
979 928 1118 1025 positus
1144 952 1227 1003 cum
1249 928 1348 1003 simis

151 1066 167 1109 ‘¹
195 1065 333 1165 fastigii
358 1067 537 1163 quadrans
562 1068 637 1163 (vet
659 1068 765 1140 simas
790 1065 928 1164 fastigii
950 1064 1197 1159 continuans),
1216 1066 1349 1164 longus

152 1227 184 1293 x,
196 1200 294 1297 ped„
320 1199 415 1271 altus
433 1197 590 1296 sesquip.
611 1194 830 1293 (velforsaa
847 1195 1021 1271 imbrices
1040 1220 1260 1275 marmoreos
1276 1197 1347 1272 bc.

152 1358 238 1406 cum
258 1333 355 1405 simis
372 1332 604 1429 quadrantes,
625 1331 756 1428 longos
774 1328 860 1424 dic.)

231 1464 554 1561 “Antepagmenta
571 1463 732 1535 nondum
751 1459 856 1534 affixa
875 1484 960 1556 quoe
980 1460 1166 1557 pertinent
1179 1462 1225 1533 ad
1249 1462 1347 1559 capi·

150 1594 236 1668 teila
261 1594 420 1691 parietis,
446 1595 558 1693 longa
583 1619 610 1667 x
635 1596 716 1689 ped.
740 1592 811 1666 aita
837 1592 1020 1689 sesquip.'’
1072 1592 1240 1687 Mistea]

229 1732 279 1804 11.
324 1730 520 1825 “Lapides
539 1730 714 1829 Epistyiia
733 1730 990 1804 continuantes
1009 1728 1084 1804 sive
1106 1716 1345 1827 proferentes,

150 1928 332 2003 suggmndia.
373 1927 561 2003 Operculorioe
576 1936 669 1985 autem
684 1938 724 1987 te·
773 1928 1347 2008 tum(a'vvipopov)etinirautraqueposi·

150 2020 225 2099 guiae
238 2041 323 2098 supra
340 2040 492 2098 compages
506 2022 638 2080 finitimas
656 2042 723 2080 con·
772 2032 903 2081 tamesae
915 2032 1018 2081 censet.
1041 2023 1182 2083 Mttiierus
1189 2025 1346 2085 baechabct

150 2118 297 2177 tinentium
317 2116 475 2194 tegularum
493 2123 524 2193 (a
540 2119 605 2175 tecti
620 2118 723 2177 vertice
772 2118 957 2191 “penitove
986 2121 1089 2179 tidem.
1139 2119 1212 2179 Puto
1241 2121 1345 2197 duplex

150 2214 295 2290 usquead
323 2214 505 2289 suggrundia)
532 2216 721 2288 ponebantur;
772 2210 931 2288 cymatium
951 2229 1017 2268 cum
1039 2213 1180 2289 astragaio
1198 2223 1227 2272 et
1245 2215 1345 2273 ceteris

149 2312 278 2388 ejusdem
297 2309 478 2383 longitudinis
494 2319 573 2367 erant
586 2330 619 2367 ac
637 2311 723 2386 quad·
771 2306 953 2378 ornamentis,
973 2325 1035 2383 quae
1053 2308 1171 2366 seorsim
1191 2308 1346 2386 sculpendo

147 2414 228 2475 ratae,
259 2394 412 2463 admodum
452 2414 547 2463 autem
586 2416 719 2478 angustae.
770 2408 800 2457 et
809 2398 931 2473 capitelli
948 2401 1061 2474 parietis
1079 2404 1244 2477 projecturos
1257 2422 1345 2480 appo-

148 2499 278 2575 Cylindri
292 2510 382 2571 erant,
396 2500 437 2557 ait
450 2499 625 2571 Wilkinsius,
640 2500 723 2557 semi·
771 2494 862 2551 nenda
883 2504 971 2555 erant.
1022 2495 1120 2553 Adhuc
1142 2504 1234 2554 autem
1253 2518 1344 2574 quaro

146 2594 357 2670 hexagonales;
378 2604 495 2651 externa
511 2602 605 2653 autem
619 2594 720 2667 brma,
771 2588 845 2664 qvod
877 2589 946 2645 dm
981 2590 1145 2647 imitationi
1178 2594 1347 2667 confinact.''

146 2689 257 2764 prisma
291 2685 558 2763 senii-hexagonale.
606 2689 721 2747 imbrex
772 2685 1222 2769 Quemsensumvoeidndtopoe
1230 2689 1344 2760 tribuat,

145 2801 183 2840 ex
196 2783 300 2859 argilla
309 2782 399 2841 factus
408 2803 427 2840 a
441 2784 549 2842 Graecis
563 2795 722 2858 vosgeio·
771 2778 857 2837 nuliis
869 2779 1017 2856 exemplis,
1030 2791 1166 2858 qusnmm
1177 2802 1229 2860 ego
1242 2784 1343 2856 sciam

145 2877 218 2947 ειδῆς
235 2877 282 2936 vei
296 2877 494 2950 γογγυλοειδῆε
512 2875 630 2958 κέραμος
645 2878 720 2938 dice-
770 2875 867 2947 fretus,
895 2897 911 2934 e
934 2877 1062 2936 versione
1083 2879 1198 2953 patebit.
1252 2879 1357 2939 Locus.

144 2977 247 3042 batur;
280 2974 303 3031 si
337 2994 352 3032 e
387 2993 527 3032 marmore
559 2977 722 3047 efficeretur,
771 2990 839 3030 sane
864 2973 1023 3047 peritiorem
1055 2995 1171 3034 manum
1201 2987 1342 3053 expectat.

143 3089 246 3127 vocem
261 3070 337 3129 λίθω
358 3087 407 3144 pro
421 3071 539 3151 κέραμος
555 3071 619 3146 poni
633 3071 721 3130 solere
771 3069 834 3144 Ego
852 3079 927 3128 certe
944 3072 1136 3128 accusativum
1153 3073 1273 3132 formam
1294 3093 1343 3150 per

145 3163 300 3222 verisimile
314 3175 366 3221 est.
400 3165 508 3222 Vocem
519 3164 670 3244 α’ντὶμοριη
680 3167 721 3222 ita
770 3166 866 3223 omnia
891 3184 1004 3224 servare
1032 3165 1159 3238 mallem,
1193 3172 1276 3228 modo
1302 3171 1341 3242 id,

30 3309 34 3328 ,
143 3259 270 3336 explicat
283 3261 448 3347 iViikinsirrs
462 3261 491 3318 in
507 3263 578 3319 notis
592 3262 720 3337 Angiicis
770 3261 858 3318 salvis
874 3261 1082 3320 Grammatices
1100 3263 1260 3340 rationibus,
1281 3267 1342 3325 fieri

144 3367 178 3416 ut
198 3357 371 3414 continuatio
389 3357 518 3433 quaedam
541 3365 588 3414 urit
604 3377 721 3434 congru·
770 3357 868 3432 possit.
909 3358 1013 3415 Forsan
1038 3355 1174 3419 bendanus
1200 3371 1341 3421 connecte

77 3457 80 3464 ’
144 3452 221 3509 entia
236 3453 375 3511 innuatur.
414 3449 586 3533 ’Avrt'popov
600 3448 719 3511 sc.iliud
769 3474 820 3530 pro
841 3452 994 3513 bennadius
1013 3454 1152 3516 scribitur.
1193 3457 1341 3518 ssotdoeove

144 3547 258 3618 dicitur,
272 3547 421 3605 Wiikinsio
434 3557 555 3617 auctore,
569 3551 641 3624 quod
655 3569 719 3608 eam
768 3548 843 3624 apud
866 3547 986 3608 Aristot.
1010 3549 1085 3610 Hist.
1111 3553 1209 3613 Anim.
1232 3553 1286 3614 1v.
1310 3563 1340 3615 8.

144 3649 255 3717 partem
265 3641 377 3700 aedificii
386 3661 507 3718 quacum
518 3643 578 3700 haec
590 3662 646 3701 vox
655 3663 721 3700 con-
768 3644 898 3723 accurn't,
920 3652 949 3699 et
968 3643 1060 3700 forma
1072 3655 1215 3704 contracta
1229 3648 1257 3705 in
1270 3649 1341 3726 sing.

137 3737 270 3814 jungitur
279 3737 407 3812 producit
417 3749 466 3796 aut
475 3757 581 3796 cumea
590 3739 718 3814 quadrat.
769 3757 846 3796 num.
868 3739 1123 3816 persaepe‘legitur.
1166 3741 1238 3802 Haec
1259 3745 1341 3802 flexio

144 3833 219 3890 Haec
240 3833 299 3904 ilie,
320 3833 413 3891 nescio
433 3851 469 3890 an
491 3846 565 3892 recte
589 3835 718 3911 quamvis
768 3834 874 3892 Atticis
901 3835 937 3891 ab
968 3835 1117 3894 Eustathio
1149 3841 1186 3896 ad
1220 3840 1277 3898 Od.
1304 3841 1339 3899 E.

144 3916 382 4002 νοοοεγᾶγγυλος
399 3933 591 4013 εῐᾶντίμορικ
609 3933 718 4009 exejus
769 3950 796 4006 p.
818 3935 887 3990 232.
914 3939 943 3988 et
971 3929 1121 4004 (indicante
1149 3931 1341 4007 Blomfieldio)

144 4031 240 4080 mente
253 4033 418 4082 cunctanter
426 4026 542 4084 reddidi.
571 4027 654 4095 Quod
666 4027 718 4085 loci
770 4025 897 4102 Etymol.
918 4026 1019 4102 Magni
1039 4038 1151 4086 auctore
1170 4048 1198 4103 p.
1218 4035 1267 4099 20,
1288 4031 1339 4086 23.

143 4119 373 4176 constitutionem
388 4121 498 4189 attinet,
513 4122 720 4180 satiusvidetur
769 4124 906 4185 tribuitur.
949 4123 994 4181 ct.
1010 4125 1171 4199 Schweigb.
1185 4123 1339 4186 odAtben.
1440 4175 1454 4189 ,

143 4223 195 4270 aut
206 4231 307 4270 ornnes
318 4233 412 4283 voces,
434 4225 482 4272 aut
495 4215 612 4288 nullam,
630 4219 720 4275 nomi·
770 4221 840 4278 vlt.
873 4241 901 4295 p.
927 4225 1067 4300 arms.
1118 4219 1340 4282 Crassitudinem

142 4311 318 4368 nativocasu
326 4330 437 4385 ponere.
463 4311 655 4370 blomfieidius
665 4314 720 4387 pri·
770 4316 871 4374 horum
892 4315 1015 4391 lapidum
1036 4317 1111 4373 baud
1130 4317 1221 4374 notari
1239 4318 1341 4380 Lector

140 4425 223 4462 orem
238 4405 375 4464 rationem
390 4409 499 4482 probat.
534 4407 719 4466 Schneiderus
770 4414 983 4473 animadvertet.

140 4521 256 4580 quoque
265 4503 416 4582 dvripopoe
427 4523 492 4561 cum
503 4506 720 4579 praecedentibus
810 4508 823 4538 ²
843 4507 877 4566 L.
890 4515 938 4567 28.
961 4509 1030 4565 Post
1042 4506 1184 4594 dvcrpo'pa
1197 4512 1339 4572 Mtillerus

140 4598 352 4673 conjungit5et
361 4599 482 4674 lapidem
493 4601 721 4675 ἰίἰυωγόγγυλον
770 4607 901 4675 γογγύλω
931 4607 997 4663 λίθω
1024 4605 1165 4665 subaudiri
1197 4618 1278 4686 putat
1311 4621 1341 4670 et

145 4692 387 4768 Epicranitidibus
407 4706 435 4754 et
451 4695 597 4774 Epistyliis
614 4701 722 4775 opposi·
770 4698 868 4774 inquit.
909 4697 1068 4778 ἶἸιιῑεΙΙίςο
1095 4705 1269 4780 quadmiam,
1290 4725 1339 4782 cy·

849 4805 918 4871 Aa
