3250 5350
272 434 296 503 ii
700 458 1044 507 ruouaconaus.

274 626 508 692 monuments
540 625 756 712 quaerentes,
788 615 950 697 Gruteri,
988 611 1194 697 Muratorii,
1230 610 1287 682 vel
1328 607 1464 682 Donati

274 761 470 824 “monstra
503 751 562 820 illa
595 749 797 820 horrenda'’
832 747 887 819 vei
917 745 1030 816 oculis
1068 743 1327 835 perlustrarint.
1379 743 1466 815 Nec

271 883 432 980 ingentis
464 891 601 952 tantum
629 878 742 962 moiis,
772 878 836 946 sed
863 875 1004 969 plurimi
1029 897 1175 969 quoque
1204 897 1354 944 numero
1383 871 1465 942 libri

272 1013 459 1089 evolvendi
495 1022 591 1095 sunt,
632 1031 785 1106 quorum
827 1006 971 1102 quidem
1013 1006 1041 1074 si
1077 1005 1224 1075 uomina
1259 1003 1466 1076 exscribere

271 1143 412 1227 vellem,
450 1137 571 1210 nescio
598 1137 704 1231 plane
731 1136 806 1228 ipse
836 1157 943 1229 quem
973 1133 1080 1204 tinem
1111 1133 1243 1204 laboris
1275 1132 1466 1203 habiturus

271 1296 398 1343 essem.
450 1268 499 1339 Et
532 1277 666 1362 praeter
699 1263 977 1357 inscriptionum
1013 1261 1224 1358 sartagines,
1270 1261 1464 1355 quaerenda

270 1413 353 1475 sunt
389 1423 534 1497 quoque
574 1394 762 1468 Itineraria
801 1392 961 1462 omnium
1000 1388 1062 1483 qui
1095 1391 1132 1459 in
1164 1388 1313 1460 Graecia
1348 1409 1466 1483 nuper

271 1529 610 1630 peregrinatisunt,
633 1547 714 1595 cum
735 1533 867 1594 nostrae
884 1519 1000 1592 oetatis
1022 1519 1186 1588 homines
1209 1540 1382 1588 summam
1409 1516 1464 1586 di-

270 1662 458 1762 ligentiam
486 1661 525 1730 in
553 1655 702 1731 vetustis
731 1652 973 1725 monumentis
996 1651 1241 1723 exscribendis
1265 1651 1463 1746 posuerint.

272 1796 345 1868 Sed
390 1796 516 1865 horum
560 1788 720 1862 omnium
762 1785 935 1855 librorum
976 1807 1023 1853 ne
1064 1805 1174 1853 uuum
1211 1779 1357 1875 quidem
1393 1780 1464 1852 nisi

260 1946 404 2021 ¹magno
437 1918 566 2015 pretio,
609 1914 779 2010 plurimos
811 1921 932 1983 autem
967 1911 1026 1982 vix
1059 1931 1102 1978 ac
1138 1931 1186 1978 ne
1220 1906 1280 1978 vix
1317 1906 1463 2002 quidem

269 2055 366 2150 apud
392 2047 603 2142 bibliopolas
636 2043 692 2116 vel
721 2041 972 2112 Londinenses
1003 2038 1059 2108 vel
1092 2034 1276 2107 Parisinos
1306 2034 1465 2135 reperire

268 2185 393 2283 possis.
444 2181 552 2270 Quod
573 2178 667 2250 idem
693 2177 738 2246 de
762 2174 861 2245 libris
886 2169 1104 2244 Teutonicis
1127 2179 1163 2239 et
1189 2169 1321 2240 italicis
1348 2191 1466 2262 nuper

270 2317 375 2392 editis
416 2314 551 2386 dictum
595 2318 694 2405 puta,
732 2326 899 2404 quorum,
938 2301 1100 2398 quamvis
1142 2312 1179 2370 et
1222 2299 1383 2370 doctrina
1426 2308 1466 2370 et

268 2451 422 2524 utilitate
461 2441 634 2518 uberrimi
673 2439 756 2524 sint,
799 2461 847 2509 ne
882 2434 1028 2508 dimidia
1071 2432 1216 2526 quidem
1259 2456 1340 2528 pars
1381 2431 1463 2503 Bri-

267 2579 427 2654 tanuium
471 2572 616 2647 invisit.¹
688 2570 732 2642 Id
774 2577 896 2640 autem
932 2562 1093 2636 omnium
1131 2560 1284 2630 maxime
1326 2559 1463 2631 incom-

269 2716 413 2789 modum
443 2708 586 2790 accidit,
623 2703 722 2799 quod
751 2699 886 2771 nullam
914 2698 992 2768 fere
1023 2695 1192 2789 ἀκρίβειαν
1223 2701 1286 2762 aut
1318 2690 1384 2786 ipsi
1423 2690 1461 2760 in

270 2839 516 2918 exscribendis
545 2829 778 2909 marmoribus
812 2837 877 2899 aut
914 2826 951 2896 in
983 2825 1203 2923 apographis
1236 2832 1344 2895 certae
1378 2823 1463 2894 fidei

181 2976 185 2985 “
271 2969 544 3071 comparandis⁹
567 2961 800 3047 adhibuerint
821 2957 988 3053 pierique
1013 2956 1235 3055 sartaginum
1264 2962 1463 3027 coactores.

310 3286 319 3319 ¹
342 3282 466 3343 Pretium
486 3294 575 3353 operae
595 3286 639 3331 est
661 3280 757 3329 notare
777 3270 840 3325 haee
890 3268 969 3325 nium
984 3268 1134 3341 expendas,
1149 3265 1186 3322 ef.
1201 3275 1257 3323 tres
1271 3265 1464 3337 inscriptiones

270 3374 505 3452 eademconqueri
514 3364 839 3433 BurmannumiuPraef.
890 3364 919 3419 iu
943 3364 1040 3419 eadem
1063 3362 1176 3437 pagina,
1198 3362 1314 3433 <T.111.
1337 3381 1364 3435 p.
1382 3366 1465 3435 100.)

266 3479 307 3535 ¹ad
322 3471 437 3533 Gruteri
451 3470 638 3541 Thesaurum.
679 3458 840 3516 “Pluribus
893 3458 975 3525 Quod
998 3456 1188 3513 Muratorium
1214 3457 1322 3525 attinet,
1356 3455 1392 3511 cf.
1419 3456 1464 3511 iu-

271 3568 364 3629 libn's''
383 3568 431 3635 ait,
453 3560 580 3638 “quibus
603 3554 777 3613 continentur
799 3550 842 3605 in·
891 3552 1068 3625 scriptionem
1101 3550 1175 3624 apud
1209 3568 1272 3605 eum
1301 3548 1357 3624 (ll.
1382 3546 1464 3622 576,)

272 3660 443 3735 scriptiones,
465 3658 502 3713 ob
519 3653 638 3728 pretium
651 3659 679 3707 et
692 3647 838 3705 caritatem
891 3646 939 3703 ubi
958 3644 1111 3701 ΤΑΜΙΔΙ
1133 3663 1183 3717 pro
1199 3643 1364 3712 ΤΑΜΙΔΙ,
1385 3642 1465 3699 Ert-

272 3759 359 3834 (docti
372 3758 436 3830 viri)
451 3772 543 3811 carere
557 3751 717 3826 coguntur!
890 3739 1098 3798 ῩΥῩΙΕΗΙΝ
1120 3757 1170 3811 pro
1195 3736 1461 3794 ΕΓΙῩΗΦΙΖΕΙΝ

313 3852 409 3908 ¹Hoc
433 3849 543 3906 nomine
566 3854 631 3901 aute
655 3841 725 3898 alios
750 3857 841 3913 repre·
890 3846 918 3894 et
949 3833 1084 3910 ejusmodi
1114 3831 1204 3888 millia
1235 3830 1364 3904 reperies.
1406 3832 1463 3888 Sed

272 3946 411 4006 hendendi
437 3942 553 3999 veniunt
581 3935 744 4004 Pocoekius,
774 3932 842 4005 Spo·
891 3937 922 3986 ut
941 3928 1040 3985 melius
1055 3925 1194 3998 intelligas
1211 3926 1245 3982 L.
1253 3925 1290 3984 B.
1312 3943 1381 4000 quas
1393 3924 1464 3983 deli-

274 4044 344 4111 uius,
366 4038 513 4095 Wbelerus
532 4042 560 4090 et
575 4028 757 4097 Muratorius,
776 4043 842 4099 qno·
891 4021 950 4078 cias
968 4022 997 4077 in
1018 4020 1176 4095 hujusmodi
1195 4020 1374 4093 scriptoribus
1400 4039 1465 4094 per.

274 4156 337 4194 rum
345 4153 428 4211 opera
436 4129 597 4189 ioedissimis
606 4125 712 4183 mendis
724 4131 842 4181 scatent.
891 4116 1012 4191 legendis
1025 4115 1146 4189 experiri
1162 4114 1263 4189 possis,
1279 4116 1374 4189 accipe
1396 4115 1464 4189 Epi·

275 4222 658 4303 Pocockinsquidemnuilam
667 4217 844 4292 fereinscrip·
882 4208 1023 4285 ¹tgrsruma
1035 4230 1054 4267 a
1062 4208 1275 4266 Moutfauconio
1287 4207 1462 4284 (virotameu

274 4330 378 4387 tionem
401 4326 493 4399 tetigit
509 4340 596 4400 quam
619 4332 674 4375 non
703 4314 840 4385 corrupit;
892 4306 1013 4379 plurima
1034 4304 1159 4362 doctrina
1185 4302 1298 4378 referto)
1327 4301 1357 4358 iu
1379 4300 1461 4359 Diar.

275 4424 347 4503 quod
369 4421 443 4479 idem
465 4420 499 4476 de
522 4415 649 4492 plurimis
671 4432 689 4469 a
711 4406 842 4467 Wbelero
893 4402 956 4459 Ital.
988 4421 1015 4476 p.
1030 4406 1100 4471 428,
1127 4408 1158 4457 et
1183 4418 1202 4455 a
1228 4396 1386 4455 Muratorio
1408 4395 1461 4471 (11.

274 4512 421 4588 exscriptis
435 4530 498 4568 vere
511 4510 566 4567 dici
578 4516 677 4587 potest.
716 4504 758 4559 Ut
773 4502 842 4575 Spo-
895 4498 997 4574 1079),
1019 4494 1121 4570 publici
1139 4494 1211 4568 juris
1231 4492 1348 4550 iactum.
