3250 5350
835 439 859 512 6
1251 438 1401 536 [Cusss.
1421 446 1451 511 1.

250 618 331 690 satis
370 615 566 688 ostendunt
606 637 650 686 ea
685 575 774 711 quse·
805 613 1010 688 Meursius¹
1050 639 1071 688 e
1110 612 1292 690 Pausanid
1332 625 1443 710 atque

251 742 447 817 Plutarcho
493 744 688 840 congessit.
756 741 973 816 Pausanias*
1026 743 1122 817 enim
1166 744 1203 814 in
1255 742 1451 840 Prytaneo

255 871 470 944 Atheniensi
524 882 648 944 extare
697 897 771 944 non
815 882 954 945 tantum
1006 873 1169 946 Deorum
1227 874 1289 944 sed
1341 872 1449 944 etiam

254 999 439 1071 hominum
489 999 690 1086 simulacra,
739 999 917 1095 Autolyci,
962 999 1135 1072 Miltiadis
1187 1011 1225 1071 et
1275 996 1448 1070 Themis-

254 1129 357 1200 toclis
379 1128 550 1216 ostendit,
577 1142 615 1203 et
642 1127 890 1202 Plutarchus³·
905 1128 1012 1202 etiam
1049 1129 1291 1202 Democharis
1324 1127 1450 1225 gladio

255 1263 406 1335 accincti
435 1273 587 1336 statuam
616 1274 798 1336 memorat.

330 1390 438 1462 Extat
460 1414 606 1487 quoque
631 1391 844 1489 Epigraphe
871 1389 1002 1463 Latina
1029 1399 1235 1484 pervetusta
1260 1388 1334 1484 qud
1350 1390 1446 1462 duna

257 1541 373 1615 prope
394 1519 521 1592 eadem
549 1519 800 1619 Rheginorum
826 1519 1020 1616 Prytanoeo
1048 1518 1246 1592 Errenium
1265 1518 1447 1614 quondam

257 1658 475 1722 testamento
501 1649 640 1750 legasse
674 1650 826 1722 traditur
857 1672 939 1745 quse
975 1646 1199 1721 Phanodicus
1235 1647 1356 1746 Sigeis
1385 1655 1450 1717 aut

258 1782 355 1852 dono
377 1781 478 1853 dedit
501 1793 565 1854 aut
589 1781 756 1877 legavit⁴.

258 1916 301 1980 T.
333 1916 496 1982 Errenius.
522 1915 562 1978 Τ.
589 1917 625 1982 F.
654 1915 788 1981 Sabinus
813 1917 925 1982 Trivir.
971 1919 1046 1982 AEd.
1081 1917 1156 1981 Por.
1183 1915 1231 1980 ll.
1266 1927 1453 1980 testamento

309 2029 423 2114 legavit
441 2028 662 2113 Municipibus
680 2029 808 2113 Reginis
812 2073 917 2103 .....
930 2032 961 2094 ἱη
981 2033 1143 2114 Prytauoeo
1170 2043 1302 2094 statuam
1324 2027 1453 2090 AEream

309 2141 475 2222 Mercurii,
516 2141 638 2209 trullam
679 2158 855 2226 argenteam
902 2149 1111 2229 anaglyptum,
1151 2144 1247 2207 lares
1289 2157 1457 2226 argenteos

310 2269 442 2340 reptem,
455 2258 517 2320 dac.

336 2377 430 2449 Cum
465 2383 588 2458 autem
629 2376 814 2454 Bentleius
847 2389 959 2476 neget
991 2381 1190 2454 orationem
1226 2380 1457 2477 Epigraphcs

261 2508 308 2581 ad
333 2513 484 2579 statuam
511 2503 712 2579 Phanodici
741 2508 922 2603 respicere
949 2531 1067 2602 posse,
1096 2521 1133 2583 et
1160 2533 1266 2582 voces
1289 2542 1384 2602 καγω
1408 2512 1459 2580 ad

261 2638 432 2735 poculum
479 2637 577 2733 quod
628 2632 860 2711 Phanodicus
904 2635 1004 2709 dedit
1045 2637 1252 2712 referendas
1296 2639 1458 2725 suadeat,

263 2768 396 2842 oblitus
427 2775 483 2839 est
513 2765 568 2839 vir
607 2789 779 2853 summus,
818 2776 857 2839 ut
891 2790 974 2840 vere
1004 2767 1233 2851 Chishullius‚
1268 2768 1384 2841 redire
1418 2770 1460 2846 in

265 2893 434 2989 sequenti
463 2893 627 2964 membro
650 2893 793 2965 extrudi
825 2893 935 2965 visam
965 2919 1153 2991 personam
1185 2908 1232 2981 et,
1258 2897 1347 2971 nolit
1374 2898 1463 2971 velit

266 3020 488 3106 emendator,
511 3021 549 3091 in
576 3042 664 3093 roce
693 3030 853 3099 ΕΔΟΚΑ
881 3023 1045 3123 intelligi.
1105 3026 1250 3099 Oblitus
1276 3037 1332 3099 est
1348 3029 1460 3100 etiam

268 3158 411 3265 quoties
441 3158 481 3230 in
515 3158 754 3231 marmoribus
785 3170 903 3233 statua
933 3174 970 3233 et
999 3186 1151 3257 persona
1181 3164 1463 3239 confundantur.

269 3288 314 3367 In
341 3310 520 3369 marmore
547 3288 642 3382 apud
670 3288 876 3361 Clarkium⁵
903 3290 1116 3364 Atheniensi
1246 3346 1251 3359 .

566 3430 742 3509 Πόλυλλος
769 3433 949 3507 Πολῦλλον
978 3436 1130 3513 ssarnrsu'r

359 3558 495 3633 Ἔικονα
522 3557 611 3643 rrird'
639 3562 775 3647 ἀνέθηκε
797 3566 1046 3661 Πολύστρᾶτος
1072 3570 1172 3640 αὑτοῦ
1197 3565 1358 3667 ἀδελφόν.

271 3707 356 3783 Nec
381 3706 485 3780 aliter
508 3708 669 3805 loquitur
695 3712 740 3782 de
765 3712 820 3783 his
845 3713 953 3786 rebus
981 3712 1207 3789 Pausaniam

315 3984 324 4013 ¹
345 3985 453 4043 Meurs.
468 3987 573 4044 Athen.
588 3992 652 4047 Att.
668 3990 691 4048 1.
705 4008 731 4046 c.
743 3994 770 4049 8.
935 3989 946 4021 ⁵
967 3992 1065 4051 Clarlr.
1087 3992 1151 4050 ltin.
1175 3994 1326 4052 Tom.V1.
1349 4015 1378 4069 p.
1392 3998 1471 4059 366.

313 4108 327 4137 ²
347 4111 470 4170 Paman.
486 4113 526 4168 V.
543 4119 590 4171 15.
613 4116 636 4173 1.
651 4122 695 4171 rs,
895 4084 977 4158 (avo.
1001 4084 1071 4161 Ed.)
1126 4084 1172 4147 Cs-
1209 4104 1316 4161 quoque
1347 4088 1470 4149 Gruter·

895 4199 923 4252 p.
953 4197 1105 4239 rrxcvrrr.
1163 4181 1309 4239 Prideaux.
1353 4183 1470 4243 Marm.

215 4208 221 4219 ‘
311 4230 420 4292 ³Ptut.
433 4234 468 4290 de
488 4233 613 4294 XRhet.
628 4235 657 4292 in
672 4237 821 4295 Demosth.
895 4273 1159 4347 Oxon.p·3⁰2r³·

312 4358 324 4388 ¹
345 4358 482 4422 Morissn.
495 4364 603 4423 hlarm.
620 4364 718 4440 Regin.
734 4364 840 4439 p.266.
931 4364 941 4397 ⁶
962 4368 1121 4448 ΤᾰςὭρας
1134 4372 1273 4439 ἐποίησεν.
1325 4372 1407 4427 Psus.
1426 4374 1470 4432 V.

275 4456 386 4516 Gruter.
402 4469 544 4523 ccxxiv.
562 4463 589 4521 7.
894 4468 938 4527 17.
1110 4490 1115 4500 ›
1257 4462 1265 4475 '
