3250 5350
244 465 316 537 lxiv
641 485 988 534 nnonnsomaus.

247 642 426 713 emendat.
470 638 637 711 Shawius
662 642 776 730 (anno
798 643 912 732 1731)
934 632 1166 712 ltinemrium
1183 665 1288 713 suum
1306 665 1444 737 paucas

243 765 496 860 inscriptiones
531 767 719 838 continens
746 769 871 839 edidit.
915 770 1047 842 Postea
1072 777 1187 864 (anno
1206 771 1324 862 1752)
1370 773 1443 843 Po·

245 881 398 964 cockius‘
409 915 497 986 quas
514 891 590 983 ipse
607 893 844 984 exscripserat
861 890 1113 986 inscriptiones
1129 917 1280 965 numero
1295 894 1441 990 quidem

245 1023 414 1116 plurimas
437 1045 509 1090 ms.
536 1031 641 1105 1752.
668 1020 792 1105 edidit,
819 1021 882 1091 sed
909 1044 953 1091 eo
978 1022 1085 1091 modo
1113 1021 1237 1106 edidit,
1260 1036 1300 1092 ut
1320 1021 1441 1091 nullus

204 1161 205 1164 ’
244 1147 346 1242 pejor
363 1168 441 1217 esse
456 1155 588 1238 posset.
629 1144 765 1214 Lucem
784 1143 929 1236 quidem
948 1143 1119 1215 Pocockii
1136 1145 1278 1218 labores
1296 1157 1436 1217 tantum

244 1277 376 1347 absunt
404 1285 443 1348 ut
462 1275 540 1346 aliis
559 1275 795 1346 marmoribus
821 1274 950 1357 ferant,
984 1285 1023 1344 ut
1049 1274 1302 1369 inscriptiones
1324 1276 1372 1347 ab
1390 1299 1436 1348 eo

245 1403 367 1485 editas,
408 1405 498 1484 cum',
525 1403 585 1474 vix
618 1427 690 1474 una
722 1413 831 1496 atque
856 1401 970 1472 altera
996 1405 1169 1496 exceptis,
1193 1402 1332 1474 mendis
1365 1405 1437 1475 fre·

244 1532 396 1604 dissimis
420 1537 598 1620 scateant,
642 1556 714 1602 non
748 1532 816 1602 nisi
859 1554 998 1602 summo
1027 1531 1150 1603 labore
1182 1532 1344 1603 adhibito
1381 1531 1438 1604 in·

244 1657 406 1757 telligere
431 1660 617 1753 possimus.
668 1658 777 1756 Quod
804 1659 886 1728 ideo
913 1659 1025 1754 magis
1053 1658 1246 1730 dolendum
1274 1660 1438 1754 estquis

244 1786 445 1858 Pocockius
473 1785 600 1856 multas
633 1785 885 1878 inscriptiones
917 1786 1039 1882 magni
1073 1785 1245 1856 momenti
1277 1784 1436 1879 exscrip-

243 1917 360 1989 serit¹.
413 1914 583 2006 Denique
618 1912 751 1985 Oxonii
783 1937 850 1984 us.
885 1924 993 2001 1774.
1035 1915 1202 2008 prodiere
1235 1910 1438 1983 Cbandleri

242 2042 496 2135 inscriptiones
528 2041 713 2135 Antiquae,
748 2063 838 2135 quas
879 2039 938 2111 ille
972 2040 1010 2110 in
1045 2039 1175 2111 itinere
1201 2063 1267 2133 per
1303 2039 1428 2109 Asiam

243 2169 426 2240 Minorem
454 2179 490 2238 et
510 2168 690 2238 Graeciam
710 2167 1087 2262 impensis-Societatis
1114 2170 1220 2249 dictas
1243 2167 1435 2239 Dilettanti

241 2295 335 2367 facto
352 2295 549 2388 exscripsit.
591 2293 713 2367 Nemo
732 2295 902 2392 majorem
918 2295 1142 2392 diligentiam
1163 2320 1271 2392 quam
1286 2295 1435 2368 Cband·

239 2423 335 2496 lerus
367 2423 403 2494 in
435 2426 670 2496 exscribendo
699 2424 832 2518 posuit,
875 2436 912 2495 et
945 2426 1108 2520 quamvis
1146 2429 1183 2496 in
1223 2427 1434 2520 interpretis

240 2565 358 2648 partes
377 2557 511 2625 tuendo
536 2577 707 2650 prospera
735 2555 879 2626 fortuna
901 2555 997 2625 haud
1025 2578 1169 2650 semper
1194 2579 1279 2626 usus
1305 2555 1363 2640 sit,
1389 2579 1434 2627 ea

238 2695 357 2755 tamen
376 2685 413 2753 in
432 2686 499 2753 hac
517 2683 593 2752 viro
619 2682 736 2752 inerat
763 2684 949 2768 modestia,
976 2691 1018 2753 ut
1042 2683 1121 2778 ejus
1147 2704 1287 2753 errores
1312 2682 1433 2753 acrius

240 2811 503 2903 reprehendere
527 2810 760 2879 inhumanum
783 2820 888 2879 esset.
932 2809 1078 2881 Nostris
1092 2811 1313 2903 temporibus
1333 2812 1433 2883 multi

239 2944 391 3015 viatores
421 2938 601 3010 Graeciam
633 2938 785 3008 invisere
817 2949 854 3007 et
883 2938 1014 3009 exinde
1038 2940 1134 3010 baud
1160 2964 1312 3033 paucam
1339 2919 1433 3011 mar-

240 3092 378 3142 morum
399 3088 547 3137 messem
566 3087 687 3134 secum
706 3063 915 3134 retulerunt.
977 3065 1022 3169 In
1042 3066 1108 3135 bac
1126 3088 1165 3136 re
1182 3077 1303 3137 autem
1321 3066 1432 3164 longe

239 3182 413 3272 uberrimi
436 3206 520 3269 sunt
545 3194 711 3267 Clarkius
741 3204 776 3265 et
807 3194 1029 3266 Dodwellius
1056 3220 1208 3291 quorum
1239 3220 1350 3291 opera
1376 3197 1432 3267 in·

206 3326 490 3421 'scriptionibus
525 3338 563 3394 et
595 3322 638 3393 iis
667 3312 773 3394 ¹valde
806 3321 972 3416 pretiosis
1007 3324 1141 3394 referta
1173 3333 1267 3394 sunt.
1319 3322 1431 3397 Multi

238 3476 383 3549 quoque
401 3451 463 3546 qui
482 3449 617 3521 nullum
635 3473 726 3543 opus
742 3449 875 3543 publici
887 3449 983 3546 juris
1002 3452 1137 3536 fecere,
1150 3475 1233 3522 suas
1250 3451 1431 3523 chartulas

239 3579 612 3673 Walpolioedendas
641 3576 864 3662 commisere,
892 3578 996 3673 cujus
1023 3579 1061 3647 in
1089 3577 1188 3649 libris
1217 3578 1345 3649 multas
1374 3578 1430 3648 in·

237 3706 449 3801 scriptiones
469 3707 563 3776 baud
589 3729 695 3799 parva
716 3706 880 3777 doctrina
900 3706 1091 3779 illustratas
1110 3708 1243 3780 Lector
1260 3710 1427 3803 reperiet.

325 3833 497 3927 Superest
545 3844 585 3903 ut
627 3832 725 3903 aliud
766 3858 885 3930 genus
932 3835 1173 3908 Collectorum
1218 3860 1429 3923 memorem,

239 3964 299 4059 qui
319 3960 456 4034 scilicet
475 3984 651 4033 marmora
678 3961 714 4032 in
739 3985 812 4033 uno
838 3963 931 4049 loco,
959 3965 1131 4037 Museum
1149 3975 1247 4059 puta,
1275 3964 1429 4037 collecta

239 4094 395 4165 edidere.
448 4091 610 4180 Quorum
643 4093 769 4187 prima,
806 4094 843 4164 ni
871 4094 985 4182 fallor,
1014 4098 1094 4167 loca
1117 4105 1220 4169 tenet
1237 4095 1427 4182 Seldenus,

281 4278 290 4309 ¹
306 4280 416 4338 Durum
439 4299 506 4339 sane
524 4280 571 4336 sed
592 4280 667 4336 haud
675 4278 803 4355 iniquum
854 4282 901 4341 Cf.
915 4302 1022 4359 quoque
1035 4284 1216 4342 Paciaudium
1227 4286 1320 4360 (Mon.
1331 4283 1426 4359 Pelop.

238 4376 271 4433 de
281 4374 417 4432 Pocockio
425 4374 563 4449 judicium
572 4372 658 4432 tulere
668 4376 803 4433 Actorum
856 4394 896 4434 11.
911 4382 974 4451 29.)
986 4380 1033 4452 qui
1043 4387 1138 4437 amen
1147 4398 1238 4453 pauca
1244 4380 1278 4436 de
1288 4380 1428 4436 Pocockio

238 4468 419 4547 Lipsiensium
438 4469 573 4531 Editores.
602 4470 682 4545 (Oct.
708 4476 806 4545 1753.)
856 4470 1023 4543 scivit,cum
1035 4473 1257 4535 Teutonemesse
1270 4472 1427 4532 crediderit.
