3250 5350
625 513 857 561 rrscunrx.
1236 502 1307 562 383

245 632 335 698 Faxit
536 685 540 690 -

168 733 207 792 ad
225 736 310 815 quod
337 733 466 818 propius
488 736 649 798 accederet
673 742 856 800 ΔΑΚΡΥΣΙ
880 742 1054 800 ΚΟΣΜΕΙ.
1106 736 1151 801 At
1177 757 1250 800 vero
1276 738 1306 802 in

171 850 322 894 marmore
343 847 415 915 post
431 833 573 896 ultimum
586 841 616 896 Δ
633 833 706 896 satis
721 835 803 897 clare
820 833 900 897 linea
918 848 1058 917 apparet,
1078 835 1219 919 neglecta
1238 835 1308 898 Vis-

168 939 273 1002 conto‚
291 952 391 1014 esque
405 953 467 994 non
488 930 657 1003 incurvata,
684 944 718 993 ut
734 955 803 994 esse
820 934 957 1005 deberet,
985 931 1009 995 si
1027 941 1054 994 A
1074 947 1147 1017 post
1165 940 1195 995 Δ
1210 931 1310 1017 scrip·

169 1033 235 1085 tum
264 1025 381 1101 fuisset,
413 1030 468 1091 sed
498 1028 773 1110 perpendicularis.
827 1028 938 1092 Statim
973 1045 1046 1114 post
1074 1054 1143 1094 eam
1175 1053 1312 1094 marmor

168 1121 294 1184 adesum
312 1138 372 1187 est.
418 1125 491 1188 Nou
510 1125 639 1188 dubium
665 1139 780 1203 autem,
808 1126 882 1211 quin
909 1150 946 1190 ea
963 1129 1002 1189 ad
1027 1135 1052 1190 E
1077 1127 1259 1212 pertinuerit
1277 1142 1309 1193 et

167 1217 241 1301 quin
266 1228 414 1285 ΔΕΜΟΣ
431 1222 572 1305 suppleri
589 1223 714 1287 debeat.
767 1223 852 1287 Nam
869 1216 967 1290 πόλις
993 1239 1025 1288 et
1047 1214 1142 1303 δῆμοι
1160 1225 1202 1288 ita
1232 1227 1314 1290 necti

169 1317 281 1383 solent.
334 1315 476 1401 Tyrtaeus
493 1342 550 1384 ιιι.
569 1345 597 1382 v.
616 1327 663 1384 15.

243 1426 347 1496 Ξυνόν
363 1419 389 1493 δ’
402 1427 525 1497 ἑσθλύν
541 1430 645 1495 τοῦτο
663 1430 716 1497 πό
721 1435 787 1511 ληῖ
809 1459 849 1496 τε
867 1431 970 1496 παντί
988 1457 1028 1496 τε
1045 1423 1099 1510 δή
1107 1459 1178 1516 porr

286 1520 409 1597 Ὀστις
425 1525 508 1619 α’νὴρ
526 1518 643 1610 διαβὰς
657 1523 693 1595 ἐν
708 1527 913 1620 προμάχοισι
927 1523 1019 1626 μένῃ,

168 1651 201 1700 et
222 1660 295 1701 mox
310 1666 339 1704 v.
353 1651 407 1712 27.

191 1746 257 1818 Τύν
275 1745 301 1818 <l
315 1749 539 1848 ὀλοφύρονται
554 1751 615 1831 μὲν
623 1751 704 1836 ὁμῶς
723 1752 788 1823 νέοι
804 1749 859 1836 ἡδὲ
875 1757 1035 1849 γέροντες
1050 1759 1096 1838 (id
1110 1775 1156 1827 est
1171 1749 1282 1840 δῆμος)

241 1846 420 1940 Ἀργαλέιρ
436 1880 476 1917 τε
494 1847 587 1939 πύθιρ
602 1856 695 1922 πᾶσα
711 1845 820 1933 rrdrrnds
837 1855 942 1928 πολις.

169 1965 235 2029 Hic
257 1967 345 2032 locus
363 1969 453 2033 simul
475 1971 661 2033 adverbum
686 1973 843 2036 sententiae
862 1978 1065 2038 commodum
1087 1998 1145 2038 nos
1170 1979 1313 2054 duceret,

168 2062 195 2126 si
224 2079 355 2130 metrum
383 2061 604 2158 ὀλοφύρεται,
637 2056 788 2154 ὀδύρεται
817 2084 870 2132 aut
892 2071 992 2133 simile
1020 2071 1147 2156 aliquod
1174 2088 1311 2156 caperet.

169 2159 253 2224 Cum
271 2162 476 2248 Cantabrigiae
496 2165 698 2248 Epigramma
715 2188 787 2228 cum
804 2165 846 2228 P.
859 2165 902 2229 P.
912 2165 1057 2246 Βοόναο,
1075 2168 1140 2230 viro
1157 2173 1310 2252 praeclare

168 2260 314 2325 doctrina
345 2264 482 2348 mihique
510 2261 721 2335 dilectissimo,
748 2263 1024 2338 communicarem,
1053 2264 1131 2327 isin
1159 2264 1228 2348 ipso
1250 2270 1314 2332 tere

168 2360 302 2440 legendo
320 2361 476 2444 supplevit
923 2425 932 2434 .

544 2465 694 2524 usuros
718 2465 983 2539 erexisset„

168 2556 265 2640 idque
283 2579 320 2619 eo
345 2555 499 2621 lubentius
526 2558 708 2640 amplector,
734 2560 819 2640 quod
843 2561 926 2640 apud
951 2560 1058 2641 poetas
1084 2555 1205 2620 Atticos
1223 2558 1314 2622 nullis

168 2655 349 2720 nominihus
378 2654 491 2738 saepius
523 2654 759 2718 Atheniensium
777 2667 857 2718 terra
882 2670 975 2740 atque
1003 2656 1138 2738 populus
1162 2655 1315 2733 dicuutur,
1402 2727 1408 2741 Ι

169 2776 265 2835 quam
277 2776 345 2837 quae
358 2758 398 2817 ah
418 2754 591 2816 Erechtheo
609 2756 703 2815 ducta
720 2766 811 2816 suut:

166 2841 388 2941 Ἐρεχθεῖδαι,
415 2848 500 2935 γαῖα
524 2844 720 2939 Ἐρεχθέως,
749 2838 965 2939 Ἐρεχθειδῶν
992 2844 1088 2931 tede,
1115 2848 1222 2931 πόλις,
1247 2851 1316 2917 alia.

91 2946 96 2952 ’
169 2944 245 3011 Jam
262 2964 466 3035 pentameter.

248 3064 288 3125 V.
312 3074 360 3127 10.
387 3071 551 3128 ΠΡΟΣΘΕ
573 3071 834 3129 ΠΟΤΕΙΔΑἹΑΣ
862 3070 938 3127 HOl
966 3071 1115 3127 OANON
1142 3072 1203 3127 EM
1230 3073 1282 3131 ΠΡ

171 3178 238 3243 sine
258 3178 381 3261 negotio
406 3201 463 3261 per
483 3184 737 3240 ΠΡΟΜΑΧΟΙΣ
752 3177 927 3258 suppletur,
956 3178 1135 3259 conjectura
1158 3198 1197 3237 eo
1227 3179 1319 3240 certi·

171 3299 239 3355 ore,
255 3278 339 3361 qnod
353 3288 424 3358 post
440 3281 467 3335 Π
485 3297 503 3335 e
521 3276 655 3335 fractura
672 3270 832 3334 marmoris
848 3295 910 3334 non
922 3272 1002 3333 linea
1020 3273 1115 3345 nuda,
1134 3294 1227 3355 quam
1246 3274 1317 3338 Vis-

171 3389 286 3437 coutus
305 3372 401 3448 dedit,
419 3372 474 3433 sed
489 3369 581 3433 simul
598 3382 778 3442 curvaturae,
798 3392 860 3452 que
880 3375 902 3432 P
919 3366 1060 3443 efficitur,
1077 3392 1148 3450 pars
1164 3370 1236 3433 satis
1251 3396 1318 3437 am·

172 3470 229 3555 pla
241 3470 366 3533 eminet.

250 3583 291 3646 V.
313 3595 360 3646 ll.
389 3589 545 3647 ΠΑΙΔΕΣ
567 3586 788 3645 ΑΘΕΝΑΙΟΝ
813 3587 982 3642 ΦΣΥΧΑΣ
997 3587 1075 3643 ΔΑ.
1093 3587 1317 3647 ..Τ...ΡΡΟ

278 3687 320 3745 Ε.
337 3726 364 3745 ..
380 3727 389 3742 .
405 3685 713 3743 ΧΣΑΝΤΑΡΕΤΕΝ
740 3683 872 3741 ΚΑΙΠΑ
898 3685 980 3741 Τ...
998 3724 1005 3739 .
1025 3682 1188 3741 ...ΥΚΙ..

174 3797 282 3883 Hujus
312 3795 438 3861 distichi
467 3796 577 3858 misere
609 3790 715 3857 affecti
744 3790 946 3875 promtiorem
980 3795 1123 3877 spondeo
1151 3795 1317 3869 medelam,

173 3919 268 3980 quarn
299 3895 368 3980 quis
396 3908 470 3978 post
495 3890 649 3955 Visconti'
668 3903 800 3953 conatus
832 3903 989 3975 expectet.
1045 3890 1170 3954 Etenim
1197 3890 1247 3955 hic
1274 3893 1320 3956 vir

174 3994 328 4077 egregius,
346 3992 398 4055 cui
421 3991 558 4055 Londini
579 3988 664 4053 brevi
681 3986 821 4071 tempore
837 3989 934 4051 multa
955 3990 1075 4071 agenda
1091 3992 1259 4074 multaeque
1274 3990 1318 4052 iu-

170 4091 356 4174 scriptiones
370 4090 581 4154 describenda
598 4100 696 4164 erant,
715 4108 786 4150 cum
802 4083 939 4169 singulos
955 4085 1052 4149 nostri
1067 4086 1217 4171 epitaphii
1240 4089 1319 4151 duc·

152 4236 159 4245 ,
176 4202 228 4253 tus
245 4203 338 4274 atque
356 4186 462 4272 apices
480 4183 617 4269 repetitis
631 4184 752 4249 vicibus
768 4184 942 4247 examinare
966 4206 1028 4247 nou
1046 4198 1164 4268 posset,
1192 4198 1319 4268 preter·

175 4286 265 4364 vidit,
280 4308 370 4349 versu
389 4295 439 4348 ll.
458 4282 544 4347 vocis
562 4296 738 4367 postremae,
756 4304 824 4366 quae
843 4304 860 4344 a
878 4288 935 4345 ΔΑ
951 4280 1071 4364 incipit,
1087 4298 1161 4365 post
1174 4281 1319 4348 lacunam

176 4398 238 4448 tres
257 4383 358 4445 literas
383 4389 462 4446 PPO
480 4404 543 4445 uon
566 4380 691 4467 quidem
715 4378 848 4461 integras
879 4402 1053 4465 superesse,
1078 4381 1132 4443 sed
1156 4380 1198 4445 ita
1215 4394 1320 4446 tamen
1430 4448 1432 4455 ,

177 4493 385 4563 comparatas,
410 4494 445 4543 ut
461 4504 533 4545 cum
547 4480 614 4543 aliis
633 4476 782 4543 contundi
809 4502 872 4542 non
891 4477 1020 4564 possint,
1049 4500 1142 4562 porro
1159 4477 1191 4541 in
1209 4478 1321 4544 lacuna

177 4578 256 4644 inter
272 4585 330 4643 ΔΑ
344 4590 376 4643 et
389 4584 483 4661 PPO,
499 4577 527 4641 si
543 4576 647 4644 literas
667 4575 872 4663 precedentis
887 4600 992 4643 versus
1009 4599 1103 4660 supra
1120 4599 1188 4642 eam
1204 4576 1320 4661 positas
