3250 5350
133 484 260 548 irrscrr.
280 469 330 568 l]
705 487 754 566 37

132 679 212 730 esse
230 657 438 730 ostendant.
488 657 562 732 Alii
581 658 811 732 Decennsles
836 659 947 733 fuisse
973 663 1174 736 Archontes
1205 663 1325 756 Eleos,

133 798 168 860 et
196 788 310 860 finem
351 788 499 865 foederis
535 789 603 862 sub
640 789 711 877 iiio,
746 791 811 886 qui
850 790 1012 864 decimus
1044 801 1141 866 esset
1177 795 1224 866 ab
1254 797 1325 868 icto

133 921 287 1007 foedere,
324 919 429 992 innui
464 931 606 1015 putant.
657 919 777 1012 Quod,
812 929 854 994 ut
882 945 968 996 vere
1003 922 1213 1022 Knightius,
1255 925 1326 998 alio

134 1077 279 1149 prorsus
303 1056 413 1127 modo
438 1057 505 1151 (sc.
534 1087 566 1132 es
597 1055 703 1152 ἄρχον
729 1050 883 1144 Sesamos)
920 1054 1145 1152 concipiatur
1178 1081 1327 1134 necesse

136 1195 198 1257 est.
249 1184 532 1260 Boissonadius¹
568 1187 615 1260 de
649 1187 717 1260 hoc
755 1186 836 1259 loco
870 1187 919 1258 ita
948 1185 1108 1282 loquitur
1134 1187 1212 1260 “Si
1249 1189 1328 1262 hoec

134 1320 157 1348 “
172 1314 286 1387 rerba
311 1338 379 1410 pro
411 1313 538 1387 dativis
565 1324 751 1386 sumentur
779 1313 853 1386 duo
887 1323 997 1386 erunt
1022 1312 1328 1410 interpretationis

136 1450 158 1480 “
174 1443 289 1536 modi,
325 1445 516 1520 Archonte
545 1443 696 1532 deeinso,
726 1444 796 1534 uei,
829 1443 1013 1518 Archonte
1047 1443 1202 1520 Decato.
1256 1447 1328 1538 Qui

135 1579 277 1670 “prior
311 1579 431 1654 versio
457 1591 554 1655 stare
580 1579 703 1675 possit,
737 1603 811 1652 non
846 1580 940 1654 bene
975 1579 1159 1678 intelligo;
1214 1581 1329 1656 attere

136 1713 158 1749 “
175 1693 306 1782 nielior
321 1733 402 1782 esse
425 1709 600 1783 ridetur.'’
653 1707 762 1782 Hanc
792 1720 1004 1784 tamennon
1028 1711 1096 1784 nisi
1121 1711 1230 1812 nugis
1248 1712 1328 1810 qui·

135 1838 286 1914 basem
321 1841 367 1914 de
400 1841 607 1914 nominibus
641 1840 797 1938 propriis
828 1842 939 1942 longe
971 1843 1179 1931 senioribus,
1208 1843 1329 1942 qualia

134 1983 216 2045 sunt
249 1983 388 2068 Πρωτη,
418 1983 584 2070 Arosape,
625 1985 664 2044 et
698 1971 840 2059 similia,
882 1973 1071 2062 defendit3
1126 1985 1163 2046 et
1204 1985 1328 2070 postea

134 2129 233 2178 suarn
262 2104 481 2180 sententiam
509 2105 669 2201 exponit.
721 2104 844 2178 Verba
870 2107 937 2179 hoc
966 2109 1072 2180 nrodo
1099 2107 1329 2198 uertit“1ir-

136 2238 329 2311 “rltontes
360 2249 486 2312 autem
522 2237 646 2310 decem
676 2239 816 2310 mot.'’
870 2236 1078 2310 “Fuerunt
1107 2237 1241 2322 enirn,”
1280 2237 1330 2309 ait

135 2369 313 2472 “forsarr
338 2383 495 2471 utraque
522 2382 635 2470 gente
665 2370 869 2442 Archontes
898 2370 945 2440 ud
974 2367 1202 2442 Decennium
1237 2369 1329 2443 inte·

133 2511 158 2541 “
170 2529 282 2605 grum
311 2503 508 2614 constituti,
533 2503 584 2576 ita
611 2513 652 2574 ut
674 2503 801 2574 decern
828 2501 1034 2575 Archontes
1062 2499 1240 2572 sancitum
1265 2523 1328 2572 an·

136 2646 160 2678 “
175 2663 309 2714 norunr
340 2649 485 2713 centum
512 2649 656 2734 ternpus
682 2633 882 2731 explerent.
926 2629 1092 2705 Paulum
1119 2627 1243 2703 turbat
1271 2629 1330 2703 hic

136 2780 162 2811 “
177 2798 268 2847 usus
296 2774 395 2846 uocis
421 2782 582 2859 Δεκατοι,
606 2792 690 2843 curn
714 2777 809 2839 Δεκα
838 2776 1025 2861 expectes.
1078 2762 1190 2837 Forte
1221 2763 1328 2837 etiarn

137 2912 160 2941 “
174 2904 322 2978 divisim
355 2905 552 3005 legendum
579 2898 604 2973 δ’
633 2928 766 2987 eram
802 2910 841 2971 et
867 2930 978 2971 εκατοι
1011 2896 1080 2969 erit
1112 2895 1329 2995 adJeetivum

136 3044 225 3115 “ab
248 3074 367 3114 εκατον
387 3040 591 3124 inunctum,
609 3060 678 3107 nec
703 3034 791 3107 iliud
820 3034 880 3105 hic
906 3032 1052 3132 proprie
1078 3031 1247 3128 positum,
1273 3030 1330 3101 vel

136 3174 248 3247 “erit
284 3173 455 3245 ruendum
486 3170 526 3241 in
559 3167 784 3266 apographo,
819 3175 857 3238 et
894 3165 1143 3261 reponendum
1174 3196 1271 3261 αρχοι
1305 3159 1329 3233 δ’

135 3320 160 3349 “
177 3346 311 3386 masos.
363 3308 465 3381 Anni
504 3315 614 3379 mut
651 3314 797 3376 centum
838 3312 870 3374 et
905 3310 1052 3373 eentum
1084 3298 1335 3371 Arctoosne*

134 3440 305 3514 Sedhaec
322 3449 407 3511 sunt
423 3436 578 3509 hominis
593 3431 667 3506 otio
683 3430 876 3505 abutentis.
929 3429 1036 3519 Quod
1054 3426 1223 3501 Eleorum
1246 3426 1331 3499 civi·
1367 3397 1373 3409 κ

134 3580 247 3644 tatem
273 3568 416 3654 attinet,
445 3586 633 3663 perpauca
665 3560 810 3658 quidem
841 3558 1012 3657 colligere
1047 3557 1158 3653 potui.
1206 3556 1329 3657 Olym-

133 3702 241 3798 piade
271 3708 368 3789 9⁰¹·
402 3705 641 3771 recensentur
670 3692 839 3766 Eleorum
869 3688 1097 3788 magistratus
1123 3686 1161 3759 in
1189 3687 1331 3759 foedere

133 3839 234 3933 apud
268 3832 528 3931 Thucydidem
538 3828 562 3903 ².
613 3830 674 3901 Ἐν
694 3821 814 3900 Ἤλιδι
847 3822 1042 3915 (curiorum)
1076 3824 1106 3894 oi
1142 3818 1332 3917 δημιουργοὶ

132 3973 186 4042 καὶ
216 3974 248 4041 oi
272 3967 321 4039 τὰ
350 3966 438 4050 τέλη
463 3961 599 4063 ἔχοντες
633 3964 687 4035 καὶ
716 3964 746 4032 oi
781 3958 953 4053 ἑξακόσια·
994 3954 1213 4054 ἑξορκοῦντων
1240 3949 1275 4023 tt
1302 3954 1333 4023 oi

132 4093 329 4194 δημιουργοὶ
356 4098 406 4167 καὶ
438 4096 469 4165 οἱ
499 4090 763 4189 θεσμοφόλακες.
816 4086 878 4161 Ne
919 4085 1067 4159 verbum
1103 4081 1245 4179 quidem
1286 4080 1333 4153 de

132 4231 399 4307 Archontibus.
454 4228 658 4325 Δημιουργοὶ
693 4221 847 4299 ciuitatis
883 4220 1066 4317 principes
1102 4226 1205 4291 erant
1239 4216 1333 4289 inter

262 4540 272 4574 ¹
294 4544 370 4623 Ephe
386 4544 482 4637 ειμι.
495 4544 566 4603 xx.
579 4562 607 4619 p.
616 4550 686 4611 291.
885 4534 896 4565 ¹
915 4534 1047 4612 Thucyd.
1058 4533 1097 4591 V.
1110 4540 1159 4597 47.
