3250 5350
412 469 486 530 382
874 485 1126 536 nursnnrx.

404 644 507 709 velim.
562 645 700 709 Primum
714 658 773 723 est,
799 647 885 731 quod
903 642 933 709 oi
957 660 1029 730 post
1047 637 1081 711 lc*
1099 645 1161 707 sine
1178 639 1334 725 aspiratione
1351 640 1455 715 scribitur,

407 765 538 829 eamque
555 741 586 806 in
597 745 695 807 altero
709 748 863 822 membro,
881 743 933 807 ubi
954 748 1043 808 abest
1056 739 1266 825 illa'particuls,
1280 750 1366 801 servat.

773 848 848 905 ΔΟΙ
877 844 1194 905 MEN....HOlAE

412 939 594 1002 Priscianus
614 938 719 1003 tradit.
736 964 768 1024 p.
788 942 864 1006 546.
883 940 935 1001 ed.
955 939 1087 1004 Putsch.
1104 938 1259 1000 AEoleuses
1275 933 1391 1015 digamma
1403 930 1456 991 inter·

408 1039 482 1099 dum
503 1061 561 1122 pro
578 1035 674 1100 nihilo
702 1037 861 1111 habuisse,
888 1036 920 1098 in
946 1040 1035 1124 cujus
1060 1036 1104 1102 rei
1123 1025 1457 1099 testimoniumrersnutitu

410 1133 492 1197 lroc:

528 1219 658 1305 ‘Aunes
675 1219 700 1293 δ’
715 1223 854 1317 εἰράναν·
882 1224 928 1293 τά
944 1219 981 1294 δέ
993 1225 1023 1292 τ’
1040 1222 1083 1321 cip
1100 1227 1181 1296 θέτο
1199 1227 1276 1292 Μῶα
1293 1223 1384 1308 λίγεια.

412 1328 487 1393 Hoc
515 1329 541 1393 si
565 1339 762 1413 comparatur
778 1351 850 1390 cum
866 1345 971 1392 nostro
988 1331 1071 1408 loco,
1098 1331 1197 1392 videre
1217 1326 1290 1398 licet,
1310 1318 1409 1384 voculam
1421 1317 1453 1376 ΔΕ

410 1451 447 1490 ea
464 1427 493 1490 vi
512 1425 614 1506 fuisse,
640 1440 672 1489 ut
688 1447 750 1489 non
766 1424 867 1488 solum
884 1426 1024 1509 spiritum
1043 1450 1200 1512 asperum,
1218 1424 1266 1487 sed
1278 1416 1453 1498 etismdigenur

410 1525 440 1587 in
458 1529 598 1612 subjecte
615 1547 692 1587 voce
719 1524 1064 1607 opprimeret—Mem
1083 1524 1240 1588 accidebat
1254 1520 1279 1582 in
1302 1511 1452 1600 porticulsll,
1529 1551 1530 1556 κ

407 1646 474 1707 qme
505 1623 600 1687 resin
618 1621 796 1706 gravissima
819 1621 958 1684 doctrina
976 1624 1014 1686 de
1035 1622 1194 1706 digamum
1215 1623 1452 1712 nostrscntenpjon

408 1719 556 1796 doctrina,
574 1743 667 1802 qnam
685 1718 897 1800 intelligentia,
916 1733 1052 1793 tractata,
1072 1718 1199 1783 maximi
1216 1729 1259 1779 est
1272 1705 1385 1776 momenti,
1396 1698 1449 1763 snntl

407 1816 499 1879 etiam
523 1815 667 1899 explicat,
696 1838 790 1899 quare
808 1820 865 1877 ΔΕ
885 1828 917 1877 et
944 1822 1000 1894 ΓΕ,
1029 1819 1083 1880 ubi
1102 1815 1311 1902 apostrophum
1324 1810 1402 1875 tanen
1418 1818 1450 1901 ἒξ·

402 1927 516 1998 quente
531 1912 716 1996 aspiratione
734 1934 890 1995 nunquam
912 1912 1052 1997 aspiratae
1070 1909 1105 1976 θ’
1127 1929 1159 1979 et
1177 1907 1209 2003 χ’
1228 1913 1302 1990 fient,
1319 1901 1394 1989 qnippe
1405 1913 1449 1976 lll'

406 2013 463 2073 bus
481 2011 556 2093 ipsis
573 2033 665 2094 asper
676 2012 748 2073 loco
760 2009 898 2072 cesserit.
1398 2087 1421 2102 Ι·

480 2109 623 2174 Alterum
641 2121 698 2187 est,
721 2108 805 2194 quod
825 2113 981 2172 HELsslA
996 2107 1130 2194 legimus
1149 2135 1221 2176 cum
1239 2100 1387 2190 aspiratione,
1398 2101 1452 2194 nult*

404 2201 499 2276 ἐλπίς
525 2231 583 2291 pro
599 2207 724 2290 vulgato
740 2198 847 2270 ἐλπίς.
902 2205 1029 2290 Nempe
1048 2215 1184 2291 priscam
1203 2207 1279 2271 illam
1294 2195 1394 2265 labialem
1405 2207 1454 2267 ttl'

405 2307 555 2370 rationem
575 2304 661 2367 initio
689 2327 744 2389 per
763 2310 800 2381 B,
832 2312 869 2383 Φ,
900 2303 932 2380 Ρ,
964 2312 988 2367 Υ
1016 2305 1129 2370 elatam
1162 2303 1329 2370 recentiores
1348 2291 1456 2356 dialecton
1529 2305 1530 2321 ν

404 2402 544 2487 plurimis
561 2403 689 2467 uocibus
709 2415 864 2465 mutarunt
889 2402 918 2464 in
937 2402 1077 2485 spiritum
1093 2428 1250 2490 asperum,
1269 2419 1341 2484 quem
1354 2381 1457 2472 ipsuuhc
1529 2407 1530 2454 ἰ

404 2525 497 2566 voces
514 2525 576 2565 uns
599 2515 672 2585 post
689 2503 814 2563 alteram
833 2514 993 2576 exuerunt,
1012 2504 1113 2566 donec
1133 2527 1171 2566 ex
1191 2502 1288 2585 lingue
1306 2487 1458 2559 Gfaeoefumet

403 2599 554 2663 Italorum
575 2602 642 2686 jem
668 2601 784 2662 dudum
813 2598 934 2681 penitus
962 2614 1175 2664 evanesceret.
1229 2597 1272 2661 Its
1293 2593 1326 2670 ol,
1347 2573 1457 2660 gpgsqml
1529 2599 1530 2687 l

404 2702 488 2783 apud
508 2698 684 2764 Homerum
711 2696 790 2775 ΡΟΙ,
815 2695 936 2761 ΡΑΛΙΣ
958 2721 1027 2761 esse
1055 2699 1178 2783 debuit,
1208 2710 1275 2783 post
1289 2694 1358 2765 HOl‚
1373 2676 1458 2745 stillis

404 2797 644 2879 pronunciatum
680 2808 738 2868 est,
766 2817 850 2857 nunc
885 2801 940 2875 01,
977 2803 1085 2870 ΑΑΙΣ,
1119 2798 1196 2861 item
1221 2792 1346 2859 Latinum
1367 2774 1458 2844 HRCUl
1529 2792 1530 2873 p

403 2900 551 2957 HIRCUS
567 2914 649 2954 nunc
673 2898 789 2955 utens
810 2904 843 2953 et
864 2891 909 2953 sic
927 2915 1019 2955 voces
1042 2918 1138 2977 quam
1169 2892 1314 2979 plurime.
1351 2878 1460 2945 Etlentt·
1529 2918 1530 2945 1

399 2990 481 3053 sone
501 2988 654 3063 sennis,
674 2994 829 3050 rrsnnrs
846 2987 874 3051 in
899 2995 1019 3052 emus
1034 2996 1285 3057 transformatum
1301 2996 1348 3049 est.
1375 2967 1458 3037 trun

403 3110 476 3152 cum
502 3087 660 3171 digammo
687 3098 734 3149 est
758 3088 844 3170 apud
869 3084 1057 3151 Homerum.
1110 3094 1271 3175 Asperum
1296 3077 1416 3177 ostendunt
1431 3082 1461 3123 tt

401 3186 485 3251 mino
501 3186 654 3251 Visconto
671 3186 792 3247 laudate
812 3184 924 3269 Helpis
940 3185 1092 3269 helpidius
1109 3188 1301 3267 (Helvidius)
1317 3168 1458 3263 neptunus

402 3300 542 3349 nostrum
561 3284 678 3373 Helsen
696 3283 851 3346 Saxonice
868 3283 983 3367 helpen,
1000 3286 1130 3370 juvare.
1188 3286 1219 3349 N
1223 3308 1270 3347 sm
1288 3272 1403 3374 pristin
1412 3274 1460 3323 ΜΕ

402 3383 586 3465 significatio
610 3382 669 3444 fuit
697 3384 777 3441 bound
800 3381 894 3443 dubie
922 3380 1060 3467 alloquio
1083 3406 1234 3463 recreare,
1252 3384 1354 3467 jurare
1375 3369 1460 3445 llllim’

397 3482 479 3541 unde
496 3482 534 3541 de
554 3478 715 3560 Penelope
731 3478 847 3557 Odyss.
863 3472 901 3559 β.
925 3488 979 3550 92.
1415 3539 1456 3568 ,Μ

419 3568 553 3644 Πάντας
577 3568 638 3649 μέν
662 3570 684 3662 ῥ
706 3567 801 3637 ἔλπει
826 3576 898 3654 (fuit
921 3568 978 3653 μὲν
1004 3570 1137 3653 Ρέλπει)
1162 3575 1218 3644 καὶ
1244 3572 1393 3661 ιῖπίσ)(ε“Γίιι
1408 3566 1456 3635 ml*

904 3674 1045 3759 εκάστῳ,
1442 3740 1463 3754 Ι,

399 3786 439 3849 et,
462 3772 554 3837 simul
575 3796 646 3835 cum
663 3784 768 3835 nostro
783 3795 947 3851 marmore,
966 3774 1142 3857 composita
1158 3779 1201 3838 ab
1219 3762 1347 3860 ἐλπίζω,
1369 3779 1415 3847 111¹ae
1423 3744 1464 3811 ‘⁰¹¹³

402 3872 556 3955 suggessit
579 3869 751 3956 Sclaeferus
767 3893 868 3949 meus,
891 3863 1150 3959 timenutensium,
1178 3876 1221 3937 de
1240 3896 1302 3958 qno
1315 3840 1467 3948 Wagnensffl

399 3969 559 4033 Ammian.
581 3966 612 4028 in
631 3968 663 4029 N
667 3982 760 4030 otasr.
781 3968 853 4055 Vol.
875 3990 897 4030 r.
926 3992 957 4052 p.
974 3978 1048 4035 405.
1066 3984 1097 4033 et
1114 3962 1309 4060 ἅφελπέζει
1322 3966 1345 4029 in
1360 3957 1466 4025 Grossans

398 4067 501 4130 stb.
520 4088 562 4129 rr.
579 4068 632 4129 68.
654 4067 684 4128 d.
721 4064 816 4129 Conf.
842 4069 924 4152 quod
953 4067 1133 4132 Hemsterh.
1162 4072 1202 4133 ad
1234 4064 1377 4147 Aristoplr.
1397 4053 1468 4116 pluer·

401 4167 475 4237 689·
495 4165 584 4228 affert
597 4156 838 4252 ἀφαυαίνεσθαι
861 4167 901 4229 ab
930 4155 1001 4233 arios
1025 4178 1056 4229 et
1072 4161 1263 4232 αὖαίνεσθαι
1289 4178 1317 4227 et
1336 4164 1435 4223 nontnu
1448 4131 1467 4195 ’ἃ

398 4264 561 4346 Aristoph.
580 4262 717 4325 Aeliam.
735 4289 765 4325 v.
785 4271 859 4336 329.
890 4257 1005 4350 Εἴρξας
1020 4254 1140 4335 δασέως
1155 4259 1323 4331 Ἀττικοί.

473 4359 516 4427 v.
536 4372 570 4433 9.
597 4367 769 4424 nunnus
796 4367 891 4423 nmnr
920 4368 1044 4427 noum
1071 4369 1183 4428 ursus
1212 4363 1338 4427 noenu
1360 4352 1413 4417 snt
1429 4338 1457 4445 λ’,

399 4458 571 4523 Defectum
598 4482 704 4521 versus
733 4472 803 4540 post
828 4464 899 4519 ΚΑΙ
917 4459 1085 4525 Viscontus
1103 4461 1269 4545 supplevit
1292 4456 1401 4522 vocibus
1411 4436 1467 4505 ΛΨ

397 4563 488 4622 ΡΥΣΙ
500 4563 619 4621 ΤΙΜΑΙ
639 4569 670 4617 et
687 4555 818 4619 contulit
837 4554 1011 4621 Ennianum
1028 4559 1104 4623 illud

594 4653 699 4715 Nemo
711 4676 760 4716 me
776 4654 921 4717 lacrumis
934 4657 1050 4723 decoret
1069 4682 1126 4724 nec
1143 4663 1256 4723 funere
1275 4659 1345 4721 tletu
