3250 5350
149 456 279 524 Inscn.
303 455 414 535 vill]
462 475 468 480 ·
715 450 779 526 161

146 633 352 730 simplicitas
377 644 550 732 posuerat
578 631 738 730 (Herod.
765 635 813 708 ll.
846 633 943 728 51.):
975 635 1039 731 qui
1069 632 1245 708 acetaria
1270 630 1339 704 diis

145 762 309 858 phallicis
332 788 377 838 eo
404 764 535 853 differt,
561 769 658 863 quod
687 765 776 839 nihil
802 789 923 864 neque
948 765 1081 838 furoris
1105 789 1225 863 neque
1242 789 1336 862 mys·

145 893 230 966 terii
261 895 500 996 religionibus
532 900 612 997 ejus
639 899 837 972 admixtum
863 911 929 974 est.
980 898 1053 972 Sed
1084 896 1201 972 mirari
1230 898 1338 984 subit,

144 1036 299 1120 quantas
333 1025 550 1100 mutationes
585 1029 754 1100 habuerit
786 1028 902 1101 forma
936 1028 1007 1114 dei,
1043 1038 1080 1100 et
1110 1027 1212 1125 quasi
1247 1050 1334 1098 casu

142 1152 268 1229 factas.
320 1156 414 1230 Cum
441 1157 536 1230 enim
562 1159 608 1230 ad
631 1159 722 1232 mala
752 1159 890 1255 quaevis
914 1159 1188 1234 averruncandn
1212 1158 1249 1231 in
1268 1157 1336 1230 viis

142 1300 181 1363 et
214 1291 354 1366 foribus
385 1304 604 1389 poneretur:
638 1318 859 1390 ,praeconum
894 1304 932 1366 ot
963 1294 1172 1376 nuntiorum
1204 1313 1338 1390 praeses

140 1427 259 1502 factm
292 1439 356 1498 est.
426 1422 540 1498 Huuc
573 1450 632 1498 ars
665 1427 847 1524 antiquior
880 1425 1090 1500 efformabat
1120 1435 1334 1522 petasatum,

140 1558 334 1634 barbatum
359 1556 663 1653 (σφηνοπιιῖγωνα),
692 1556 861 1632 membris
879 1558 1035 1632 validum
1053 1568 1091 1632 ei
1111 1561 1336 1658 quadratum.

142 1687 262 1760 lllum‘
278 1694 401 1759 autem
428 1684 623 1780 phallicum
651 1687 770 1774 deum,
798 1697 839 1760 ut
864 1688 976 1768 robur
999 1697 1037 1762 et
1060 1685 1185 1760 florem
1203 1687 1336 1786 juven·

139 1819 231 1892 tutis
261 1817 731 1916 augereththeniensium
763 1818 881 1914 prisca
914 1817 1033 1914 pietas
1062 1818 1237 1916 palaestris
1269 1843 1334 1916 ap·

139 1947 298 2046 posuit¹.
351 1945 425 2020 Ubi
460 1957 648 2044 tantopere
682 1973 788 2024 cursu
825 1960 863 2023 et
892 1950 988 2024 locta
1021 1951 1167 2050 gavisus
1196 1962 1261 2040 est,
1296 1961 1336 2024 ut

63 2099 67 2106 ·
140 2079 286 2154 tandem
318 2077 397 2173 ipsa
431 2076 750 2175 quinquertionum
782 2080 898 2154 exiret
928 2082 1089 2159 omnium
1125 2081 1217 2156 idem
1256 2083 1338 2180 pul-

141 2210 343 2286 cherrimus
365 2221 403 2284 at
426 2209 804 2304 prastamissimuw
1162 2289 1172 2332 Ι

201 2367 220 2392 “
231 2352 302 2426 His
315 2354 404 2426 locis
417 2354 626 2428 versabatur
643 2378 791 2449 serpeus
804 2355 927 2453 templi
945 2369 1077 2445 custos,
1090 2359 1232 2455 οἰκουρός
1244 2355 1336 2458 ὄφις,

138 2490 246 2589 cujus
264 2485 451 2560 latibulum
474 2483 691 2583 δράκαυλοςῧ.
745 2488 781 2561 ls
808 2489 984 2620 cumpipse
1002 2499 1191 2584 putaretur
1207 2490 1337 2564 Erich-

139 2626 291 2703 thonius
332 2623 508 2723 (similltcr
542 2622 702 2699 Cadmus
734 2626 770 2699 in
815 2626 895 2701 ede
936 2625 1082 2701 Cereris
1117 2625 1337 2701 domicilium

136 2758 307 2833 habebat·
329 2766 454 2851 alque,
480 2778 561 2827 cum
591 2757 697 2829 homo
723 2779 803 2829 esse
836 2753 1015 2841 desiisset,
1042 2756 1153 2830 draco
1179 2755 1331 2853 tiebat):

136 2915 282 2967 summa
304 2889 440 2987 pietate
467 2888 584 2962 cultus
613 2888 766 2987 singulis
792 2888 975 2963 mensibus
1000 2890 1176 2988 placentis
1200 2892 1336 2969 melleis

138 3021 420 3121 (memmimus)
448 3019 658 3093 suavissimo
693 3022 821 3095 eodem
853 3033 890 3093 et
916 3022 1109 3117 purissimo
1138 3024 1234 3111 cibo,
1261 3026 1338 3122 pla·

135 3150 335 3241 cabatur⁴.⁶
379 3150 462 3245 lpsa
483 3173 565 3221 eum
584 3148 739 3223 Palladis
763 3152 929 3223 sacerdos
948 3153 1131 3225 nutriebat
1140 3154 1164 3226 ⁵.
1215 3153 1334 3245 Quem

136 3276 420 3357 Erichthonium
451 3288 489 3349 ut
516 3301 626 3374 supra
653 3302 734 3351 cum
768 3279 855 3351 satis
885 3278 1037 3367 tenellis,
1064 3281 1213 3353 deorum
1241 3283 1335 3377 caeli,

180 3546 189 3578 ¹
213 3543 252 3598 V.
276 3558 421 3613 gemmam
443 3560 489 3615 ap.
514 3542 642 3599 Viscont.
666 3542 717 3600 Pio
769 3544 977 3615 Τυμπανισταῖς
992 3544 1069 3621 ll.p.
1084 3553 1132 3607 54.
1148 3548 1197 3607 Bt.

138 3636 190 3696 Cl.
211 3636 248 3693 T.
261 3634 301 3691 ll.
320 3645 360 3693 tv.
373 3653 436 3711 agg.
451 3653 478 3691 a.
512 3632 668 3692 Collection
682 3636 716 3693 de
806 3638 819 3670 ⁴
838 3640 944 3700 Herod.
957 3642 1042 3702 Vlll.
1057 3650 1107 3702 41.
1122 3664 1188 3703 cum
1196 3645 1337 3705 Valckeu.

136 3732 429 3803 Choiseul-Gouffier,
444 3752 472 3807 p.
489 3737 538 3791 84.
553 3741 582 3795 at
595 3731 644 3791 all.
767 3730 811 3791 ἔτι
834 3735 878 3791 καὶ
900 3735 952 3792 νῦν.
975 3735 1106 3795 Philostr.
1128 3740 1206 3803 laon.
1227 3743 1267 3803 11.
1290 3750 1337 3809 17.

179 3834 193 3861 ²
215 3832 312 3891 Iliadis
327 3838 418 3908 po'e'tae
436 3840 480 3889 est
498 3850 614 3909 gregum
633 3844 716 3901 tutor,
768 3847 795 3901 p.
811 3832 879 3893 837.

134 3928 346 4010 e'prodnoc‚.sed
361 3928 446 3985 etiam
458 3925 615 4009 διάκτορος.
637 3928 717 3985 lovis
807 3918 875 3981 6Ῑιι
912 3925 1072 4004 anaglypho
1110 3926 1205 4003 figlino
1244 3926 1338 3982 Musei

136 4024 256 4083 nuutios
265 4024 392 4081 manime
402 4022 523 4083 occurrit
535 4022 564 4080 in
576 4024 718 4101 Odyssea.
769 4022 924 4080 Britannici
949 4026 1070 4100 (Combe
1095 4025 1272 4084 Terracottas
1297 4020 1337 4095 pl.

136 4119 349 4201 Ῡνχοπομπδν
392 4116 479 4188 novit,
523 4118 569 4193 qui
617 4118 718 4176 librum
769 4124 833 4194 28.)
876 4119 998 4177 Poliadis
1026 4124 1153 4179 sacerdos
1179 4125 1337 4191 serpentem

137 4232 246 4276 xm.
274 4214 389 4277 addidit.
448 4215 486 4273 V.
512 4214 617 4290 Spobn.
641 4235 719 4273 com·
769 4232 882 4289 pascere
897 4214 1013 4274 videtur.
1055 4216 1088 4272 lo
1107 4210 1245 4271 sacrificio
1265 4212 1340 4271 Poli-

133 4323 232 4372 meut.
259 4311 294 4369 de
318 4320 446 4369 extrema
474 4309 611 4387 Odysseae
641 4322 719 4386 parte
770 4310 816 4369 adi
849 4308 943 4368 oblato
979 4310 1075 4366 eadem
1110 4308 1260 4381 columnae,
1294 4310 1340 4368 cui

130 4434 166 4491 p.
177 4417 231 4469 44.
245 4428 290 4486 sq.
331 4410 385 4468 Sed
406 4408 552 4487 palaestras
567 4409 650 4486 plane
665 4428 719 4468 non
771 4404 930 4463 Palladium
973 4406 1144 4479 impositum,
1175 4404 1342 4465 circumvol-

131 4518 223 4568 curat
234 4506 309 4581 apud
324 4504 493 4564 Homerum.
770 4500 855 4578 vitur,
892 4501 916 4558 si
952 4510 1027 4556 recte
1063 4498 1215 4575 explicavit
1251 4500 1340 4558 Petit.

182 4601 194 4633 ⁸
215 4596 346 4675 Etymol.
360 4596 529 4679 Δρᾶκαυλω
545 4614 561 4656 e
575 4594 721 4670 Sophoclis
772 4592 907 4653 Radelius
917 4591 1018 4651 Muses
1027 4593 1132 4673 Napol.
1145 4596 1242 4659 T.lV.
1256 4612 1285 4670 p.
1291 4598 1341 4651 33.

736 4700 771 4766 X
