3250 5350
601 435 950 486 rnosuoorrnun.
1334 411 1371 480 ix

165 587 373 682 potuissent
403 591 587 664 trudentes
614 615 712 688 eaepe
745 591 909 677 irrident,
941 589 1135 688 oustiguut,
1169 588 1366 685 repreben-

163 718 280 800 dunt;
315 721 492 816 quicquid
516 732 639 794 autern
660 721 817 793 seriores
840 719 900 792 ieti
925 731 1038 816 etque
1066 719 1149 792 roni
1173 717 1367 814 scriptores

162 843 352 920 Diodorus
372 860 484 944 utque
506 851 704 948 Dionysius
723 853 770 924 de
787 848 1025 922 remotissimo
1040 857 1221 922 vetustate
1244 849 1367 944 (oeque

162 977 252 1071 ipsis
269 1003 315 1050 ac
335 979 439 1052 nobie
460 979 602 1076 ignote)
633 979 838 1076 proferunt,
864 981 900 1052 id
922 1003 1032 1052 omne
1053 1003 1194 1051 summa
1217 1001 1369 1050 seueru-

162 1107 267 1180 tione
288 1109 585 1203 amplectuntur;
613 1133 678 1182 suu
698 1109 859 1204 denique
881 1108 1023 1180 somnio
1041 1107 1131 1181 nihil
1148 1106 1368 1180 erubescen-

163 1249 220 1310 tes
255 1262 322 1335 pro
358 1239 452 1311 veris
486 1241 675 1312 inducunt.
744 1239 866 1312 Pudet
903 1262 992 1310 sune
1025 1237 1149 1312 uidere
1188 1249 1365 1334 quantum

163 1367 369 1464 diligentius
400 1367 439 1440 in
467 1369 524 1440 liis
551 1368 661 1442 rebus
690 1369 756 1442 viri
783 1391 924 1442 surnrno
950 1368 1115 1440 doctrino
1145 1368 1288 1464 prrediti
1314 1370 1371 1442 in·
1503 1399 1507 1408 ·

163 1498 275 1570 ficete
302 1499 505 1592 posuerint,
532 1520 613 1570 cum
639 1499 785 1570 minime
807 1497 1057 1596 intelligerent
1083 1523 1241 1595 quonum
1262 1502 1402 1578 modo.

164 1650 233 1698 suu
252 1627 423 1701 Minerva
442 1638 538 1698 esset
556 1626 721 1713 colenda,
746 1651 904 1725 quoeque
924 1639 1025 1700 ortuo
1041 1629 1163 1726 gentis
1180 1641 1218 1702 et
1233 1629 1370 1726 lingure

164 1751 317 1826 Graecae
344 1755 546 1850 quarendi,
581 1766 620 1826 et
651 1757 883 1853 (quantulum
910 1759 1016 1832 nobis
1043 1759 1165 1850 licent)
1202 1761 1237 1830 in
1270 1761 1370 1858 eJus·

165 1884 266 1958 modi
284 1885 547 1978 quaestionibus
564 1886 778 1982 proficiendi
797 1911 883 1959 veru
898 1899 1008 1982 utque
1026 1886 1133 1958 unico
1151 1887 1244 1959 rutio
1261 1897 1370 1960 esset.

166 2015 291 2090 Nobis
311 2015 457 2110 quidem
476 2039 520 2088 ee
538 2039 614 2088 sors
630 2015 787 2114 contigit
809 2017 964 2090 utnulla
987 2027 1087 2090 extet
1112 2013 1263 2088 historio
1286 2038 1371 2110 quoe

166 2167 226 2216 ree
255 2143 405 2216 Graecus
424 2168 532 2240 supra
555 2144 902 2242 sexingentesimum
924 2146 981 2220 vel
1008 2145 1371 2244 septingentesimum

165 2293 306 2342 unnuru
330 2281 483 2364 repetat.
535 2269 659 2346 Puucu
685 2295 774 2344 sone
798 2271 999 2346 vetustioris
1027 2271 1184 2346 Graeeiae
1212 2271 1373 2346 historiae

167 2411 407 2474 monumento
428 2413 553 2474 extare
580 2412 618 2474 et
641 2402 745 2496 quusi
767 2413 931 2472 enutrisse
953 2401 1071 2474 video.
1123 2403 1197 2474 Sed
1215 2402 1281 2474 illu
1303 2426 1373 2476 nec

166 2533 256 2604 eatis
274 2530 364 2602 lucis
386 2531 567 2626 praebent,
597 2555 665 2604 nec
682 2529 757 2601 suis
780 2551 939 2624 quoque
960 2528 1182 2622 temporibus
1199 2529 1373 2604 constitui

165 2669 334 2757 possunt.
395 2655 509 2731 Filios
547 2657 673 2755 Jupeti
715 2657 885 2731 “insoles
922 2655 1123 2732 Gentium'’
1169 2657 1374 2747 incoluisse,

165 2816 190 2865 e
215 2790 258 2863 S.
276 2786 329 2861 S.¹
356 2798 465 2885 putet,
502 2812 571 2859 nec
600 2788 750 2861 dubium
785 2798 841 2861 est
872 2790 962 2883 quin
991 2788 1088 2861 inter
1113 2788 1193 2886 ejus
1222 2802 1375 2887 nepotes

166 2918 294 2992 Graeci
320 2919 537 2991 numerandi
560 2918 645 2988 sint.
698 2916 770 2989 Sed
792 2916 959 3013 quisnam
989 2941 1036 2989 ex
1060 2917 1140 3014 ejus
1164 2916 1248 2989 liliis
1270 2916 1374 2992 Grae·

165 3064 297 3123 corum
314 3070 405 3119 arus
425 3070 572 3121 avorum
590 3046 637 3119 sit
654 3045 902 3141 appellendus,
934 3068 1003 3119 nec
1019 3045 1059 3121 S.
1076 3045 1113 3119 S.
1132 3046 1273 3134 dicunt,
1305 3070 1375 3123 nec

168 3179 323 3251 aliunde
356 3177 440 3249 sciri
471 3186 604 3273 potest.
657 3176 842 3265 Quantum
875 3176 1022 3273 quidem
1046 3174 1208 3272 judicari
1242 3186 1375 3272 potest,

167 3310 267 3389 inter
298 3307 459 3378 advenas
494 3307 557 3399 qui
592 3306 728 3400 primos
762 3283 919 3379 Graeeiie
952 3303 1090 3377 ineolos
1122 3328 1376 3401 saepenumero

165 3437 384 3523 turbabant,
411 3458 565 3508 numero
591 3444 699 3531 etque
725 3434 761 3505 vi
788 3433 970 3529 pollebunt
993 3432 1150 3532 Pelasgi.
1203 3436 1261 3511 Ex
1286 3438 1375 3512 Ario

165 3568 326 3651 venisse,
359 3588 428 3637 nec
457 3563 638 3635 Graeciurn
666 3574 805 3635 tuntum
835 3563 1012 3637 sedulius
1040 3588 1189 3661 quoque
1215 3565 1377 3665 Europae

165 3708 294 3794 portes
310 3694 477 3767 invisisse
495 3693 675 3767 ridentur.
715 3692 916 3788 Equunurn
934 3704 1056 3767 eutem
1073 3695 1184 3793 stirpe
1202 3696 1275 3769 sint
1292 3700 1378 3786 nuti,

164 3852 218 3901 an
237 3827 291 3900 illi
309 3848 461 3922 quoque
487 3825 585 3897 inter
605 3822 733 3919 Jupeti
758 3822 972 3919 progeniem
996 3821 1156 3895 habendi
1182 3824 1252 3911 vel,
1280 3829 1379 3923 quod

166 3958 343 4056 plerique
361 3956 536 4039 sentiunt,
559 3976 580 4025 e
598 3952 761 4049 Pholeg²
782 3974 855 4025 uno
871 3974 894 4023 e
912 3949 1037 4023 Shemi
1051 3949 1291 4049 abnepotibus
1309 3955 1381 4029 orti

163 4092 258 4181 sint,
289 4087 360 4161 diei
384 4088 524 4183 nequit.
576 4082 640 4159 Ne
658 4083 807 4157 verbum
827 4080 972 4177 quidem
997 4073 1188 4178 proferunt
1205 4082 1268 4179 qui
1285 4085 1381 4167 huuc

214 4349 324 4431 [Gen.
347 4366 376 4403 x.
400 4352 429 4407 5.
466 4342 514 4403 Cl.
542 4342 612 4399 iuter
637 4341 754 4417 lossphi
805 4340 927 4414 Scripta,
949 4339 1104 4401 Coneioues
1117 4350 1158 4411 49
1171 4354 1199 4407 et
1214 4352 1263 4409 50.

170 4444 263 4503 Mede
290 4440 460 4501 suavissimo
483 4448 566 4514 utque
594 4438 754 4497 doctissunu
844 4434 951 4495 ²Gen.
965 4454 994 4492 x.
1008 4441 1059 4495 25.

780 4548 800 4617 b
