3250 5350
812 474 883 533 rso
1208 470 1359 552 [censs.
1381 473 1449 536 ιιι.

254 652 398 714 strenue
437 662 510 711 rem
550 649 732 734 pernetam
767 649 886 734 putes,
926 637 1045 710 tribus
1076 638 1134 711 vel
1167 639 1311 711 duobus
1345 641 1450 713 annis

216 753 221 764 ⁶
252 779 335 863 post
374 766 565 840 aedifieium
608 768 745 841 absolvi
785 779 937 863 poterut.
1007 767 1099 840 Hoee
1143 792 1225 840 eum
1268 793 1327 840 me
1366 773 1451 842 setis

254 895 434 966 docuisset
459 895 645 991 inscriptio
693 896 788 968 inire
836 896 1012 991 exposite,
1056 920 1140 992 quse
1183 907 1241 968 est
1285 901 1452 971 recensio

253 1022 411 1094 omnium
439 1024 558 1118 operis
586 1025 755 1118 portium,
785 1047 875 1118 ques
902 1023 1065 1118 epistetae
1093 1025 1216 1118 tempii
1245 1027 1451 1098 edificandi

254 1151 311 1222 01.
330 1177 416 1228 xen.
452 1165 486 1222 4.
519 1153 623 1225 electi
654 1152 709 1226 vel
741 1151 972 1248 imperfectas
1004 1153 1059 1225 vei
1088 1175 1154 1224 suo
1180 1153 1260 1227 loco
1287 1157 1450 1227 nondum

253 1281 442 1354 collocatus
486 1292 723 1377 acceperunt:
759 1284 994 1356 vehementer
1037 1281 1197 1353 offensus
1244 1305 1323 1352 sum
1370 1284 1452 1356 loeo

253 1413 510 1509 Xenophontis
529 1413 675 1485 Hellen.
699 1413 731 1501 l,
745 1413 810 1484 Vl.
828 1428 862 1484 2.
881 1421 930 1505 τῷ
944 1414 1073 1484 ἐπιόντι
1089 1409 1170 1498 ἔτει,
1196 1410 1291 1503 ‹gi—o
1307 1416 1453 1490 παλαιὰ

252 1546 313 1624 τῆς
338 1541 465 1624 Ἀθηνᾶς
491 1541 563 1614 venis
586 1540 621 1609 ἐν
645 1539 787 1622 Ἀθήναις
812 1537 1012 1631 ἐνεπρήσθη.
1062 1535 1156 1608 Haec
1188 1535 1378 1632 pertinent
1404 1541 1451 1610 ud

238 1641 311 1743 Ι01.
335 1652 453 1744 ⁸ucrn.
472 1689 566 1741 nnn.
594 1681 631 1739 3.
659 1693 732 1764 quo
768 1668 941 1763 tempium
976 1667 1036 1739 vix
1066 1667 1284 1753 absolutum,
1312 1670 1451 1740 nedum

251 1811 377 1872 vetus
425 1823 503 1870 esse
548 1805 699 1892 poterut.
768 1797 819 1866 At
863 1797 1060 1868 rationibus
1104 1798 1213 1870 certis
1259 1797 1452 1882 evicimus,

252 1907 402 1998 eundem
421 1927 547 2010 aedem,
576 1947 657 2019 quae
683 1921 812 1994 Diocle
837 1925 1011 2006 archonte
1035 1922 1256 2009 struebatur,
1284 1933 1321 1994 et
1349 1947 1455 1996 nuuc

123 2069 128 2077 '
252 2064 367 2124 stare:
397 2041 468 2123 tem
504 2053 655 2150 egregie
689 2052 888 2123 concinunt
921 2075 1099 2124 mensurae
1133 2061 1175 2154 et
1201 2053 1456 2126 omnis-com·

198 2195 201 2206 '
251 2182 455 2255 modulatio.
519 2181 655 2278 Neque
687 2192 806 2254 temen
838 2180 876 2253 id
910 2181 1022 2253 tenti:
1064 2205 1146 2251 eum
1183 2182 1351 2253 incendio
1384 2182 1457 2255 ino

250 2325 382 2386 tectum
409 2323 546 2384 tentum
577 2312 715 2394 laesum,
742 2312 799 2383 vel
828 2313 972 2382 eosdem
1006 2335 1193 2383 mensures
1224 2321 1260 2383 et
1287 2313 1458 2386 rationes
1549 2322 1550 2415 i

249 2443 394 2516 insede
425 2443 546 2513 denuo
575 2441 773 2514 instaurata
804 2443 977 2536 repetitas
1014 2464 1106 2526 esse,
1134 2453 1258 2515 contra
1287 2453 1458 2516 stutuere
1549 2438 1550 2505 ἕ

249 2577 363 2673 possis
379 2577 399 2649 ¹.
452 2573 697 2646 Nihilominus
715 2573 950 2644 certissimum
970 2583 1036 2659 est,
1062 2574 1256 2646 editicium
1274 2576 1337 2647 vix
1355 2599 1453 2648 con-

251 2715 463 2776 summatum
482 2704 625 2774 πολαιὸν
650 2706 727 2772 νεών
754 2702 924 2795 appellari
953 2727 1026 2775 non
1056 2728 1173 2797 posse.
1225 2707 1319 2780 Nesis
1345 2707 1452 2778 enim
1549 2759 1550 2814 3

249 2832 363 2925 ipsum
397 2828 522 2901 cellam
558 2826 754 2922 perietibus
786 2826 960 2899 munitam
990 2830 1183 2927 significet,
1210 2857 1293 2940 quae
1316 2858 1454 2907 recens
1549 2831 1550 2870 ³

250 2966 384 3027 structa
402 2966 488 3025 eret.
531 2953 828 3048 Hecatompedon
848 2955 1049 3028 Perieieum
1069 2958 1185 3030 eloco
1199 2962 1270 3032 hoc
1285 2963 1450 3038 alienum

251 3108 342 3170 esse,
370 3084 478 3157 verbo
512 3105 654 3153 moneo.
706 3083 754 3152 At
788 3081 928 3179 cogites
964 3085 1116 3157 fortasse
1151 3088 1196 3159 de
1228 3088 1348 3187 lignea
1381 3090 1457 3165 ilia

251 3214 411 3298 aediculn,
441 3212 543 3309 eujus
577 3212 684 3283 modo
717 3212 851 3283 mentio
886 3213 1016 3311 injecta
1050 3228 1115 3287 est.
1179 3218 1313 3290 Verum
1347 3222 1454 3294 hene
1549 3267 1550 3276 ο

250 3346 438 3439 oportebat
467 3344 557 3415 oieae
591 3367 703 3417 socrae
737 3368 821 3440 quse
855 3343 952 3416 intus
987 3356 1066 3418 erat
1096 3352 1306 3444 superstrui,
1332 3362 1453 3446 atque

243 3475 437 3571 jamtum,
471 3495 551 3543 cum
582 3472 676 3542 aedes
710 3472 849 3566 lapidee
881 3472 917 3544 in
953 3474 1070 3545 iocum
1105 3477 1184 3573 ejus
1218 3482 1452 3569 succederet,

250 3613 339 3684 tolli.
370 3632 372 3637 ’
400 3608 538 3705 Neque
573 3610 652 3680 haee
686 3606 799 3705 igitur
833 3607 1002 3681 incendio
1035 3611 1162 3683 relicta
1193 3624 1258 3684 cst.
1322 3614 1454 3710 igitur

248 3748 360 3830 locus,
397 3755 437 3815 ut
470 3766 567 3813 nuuc
602 3753 668 3827 est,
705 3753 800 3812 stare
834 3766 906 3813 non
948 3755 1079 3838 potest.
1144 3747 1282 3843 Neque
1318 3760 1451 3825 temen

247 3874 400 3973 singulis
420 3870 538 3945 verbis
561 3870 728 3940 mendum
755 3868 873 3940 inesse
898 3870 1054 3965 suspicio
1076 3885 1140 3945 est.
1183 3874 1280 3962 Quid
1303 3885 1450 3951 restet?
1549 3879 1550 3884 ’

248 4004 399 4075 Constat
423 3999 518 4069 inter
543 4020 677 4082 omnes,
703 3995 815 4066 verba
838 4002 953 4069 Πέτιος
979 4000 1036 4082 μὲν
1051 4001 1267 4098 ἐφορεύοντος
1295 4015 1331 4098 et
1356 4027 1452 4098 quae

248 4131 410 4222 proxime
442 4133 643 4218 sequuntur
669 4145 692 4191 a
720 4120 866 4193 librario
899 4125 1069 4218 quodam,
1096 4126 1157 4221 qui
1185 4129 1454 4227 chronologica

287 4380 294 4410 ¹
318 4380 365 4437 Cs.
399 4380 523 4436 Boeckh.
564 4374 666 4431 OEcon.
703 4373 758 4429 civ.
791 4372 815 4429 1.
866 4373 1042 4447 acquiescere
1068 4394 1201 4448 possum:
1225 4396 1385 4454 quanquam
1418 4396 1453 4441 et

244 4496 271 4550 p.
294 4478 360 4537 473.
414 4470 524 4527 Temen
548 4470 576 4525 in
601 4466 737 4524 sententie
764 4465 817 4521 viri
866 4466 939 4523 mihi
952 4485 1115 4541 persuasum
1124 4477 1176 4537 eet,
1199 4468 1450 4544 Opisthodomum

244 4570 359 4641 summi,
381 4567 558 4641 preceptoris
573 4566 639 4636 mei,
661 4582 715 4621 non
736 4562 818 4637 plone
867 4562 950 4619 fuisse
963 4561 992 4618 in
1005 4560 1226 4637 Hecatompedo.
