3250 5350
640 471 876 519 arrauutx.
1252 454 1327 534 379

182 635 340 721 precedit.
374 634 451 699 Hoc
466 635 547 699 enirn
563 633 594 699 iu
610 635 758 719 opposito
771 634 898 720 requirit
915 641 1091 724 ΣΟΜᾼΤΑ
1111 643 1168 699 ΔΕ
1195 644 1325 712 ΧΘΟΝ,

182 758 247 819 quo
261 746 390 818 recepto
407 756 540 818 sequeus
563 740 708 796 ΤΟΝΔΕ
727 755 788 796 non
806 733 861 795 erit
878 721 973 796 τόνδε
998 737 1052 797 sed
1070 723 1156 798 τῶνδ
1177 783 1184 797 .
1237 735 1319 799 Cum

182 832 229 895 his
259 845 361 896 autem
391 833 417 896 si
438 833 554 916 jungas
586 837 846 894 ΠΟΤΕΙΔΑΙΑΣ
872 837 1007 894 hautot
1031 837 1179 910 urina,
1207 833 1321 918 quibus

184 930 368 994 sententiaa
385 936 564 993 ΣΟΜΑΤΑ
581 928 734 1013 incipiens
753 928 962 1006 continuatur,
989 929 1059 993 huic
1083 931 1120 993 ad
1139 931 1232 994 linem
1255 955 1323 995 rer-

184 1051 236 1092 sus
266 1031 354 1090 deest
374 1030 513 1106 verbum,
539 1031 629 1114 cujus
655 1027 761 1111 primae
789 1026 885 1090 literae
912 1039 1002 1091 erunt
1029 1035 1088 1092 EL.
1140 1027 1240 1111 Optio
1272 1030 1321 1093 bic

183 1129 274 1190 datur
284 1124 363 1189 inter
382 1131 546 1188 ELABEN
565 1142 598 1187 et
614 1130 792 1196 ELAXEN,
818 1148 876 1188 nec
889 1125 947 1189 erit
959 1123 1133 1210 quisquam,
1151 1127 1225 1211 quin
1242 1129 1321 1191 hanc

182 1227 308 1288 alteram
327 1247 449 1296 vocem,
473 1237 581 1306 utpote
598 1221 628 1284 in
643 1221 695 1285 tali
713 1246 745 1285 re
762 1222 933 1301 solennem,
959 1221 1062 1286 statim
1080 1223 1214 1308 arripiat.
1247 1223 1320 1288 Jam

183 1333 283 1385 totum
301 1322 454 1386 distichon
472 1321 529 1383 erit
879 1333 882 1340 ’

255 1413 360 1507 Αἰθὴρ
383 1412 441 1492 uir
459 1415 576 1505 ψνχοίς
602 1407 797 1504 ὑπεδέξατο,
826 1412 996 1496 σώματα
1023 1408 1063 1482 δὲ
1089 1415 1180 1506 χθιό
1188 1444 1204 1481 ν

306 1507 414 1582 Τῶνδε
440 1503 635 1583 novellatae
655 1511 691 1601 ’γ’
716 1511 804 1606 ἀμφὶ
830 1515 937 1584 πύλας
958 1506 1161 1605 ἔλαχενι.

179 1637 318 1701 quocum
337 1617 420 1679 conf.
438 1613 609 1697 Antholog.
630 1613 732 1678 Palat.
750 1615 837 1678 Sect.
855 1637 919 1679 vrr.
939 1618 970 1681 6.
994 1627 1020 1678 t.

254 1712 281 1775 Γ
281 1711 337 1776 αἶα
361 1705 419 1787 μὲν
443 1706 477 1777 ἓν
502 1708 636 1781 κόλποις
662 1709 802 1801 κρύπτει
828 1703 906 1778 τόδε
931 1712 1026 1790 σῶμα
1053 1711 1232 1780 Πλάτωνος

302 1803 402 1899 Ῡνχιὶ
427 1798 452 1871 d'
474 1803 640 1874 ἀθάνατον
664 1805 761 1896 τάξιν
785 1802 856 1900 ἔχει
878 1809 1043 1900 μακάρων.

181 1908 335 1974 Praeterea
351 1911 414 1972 duo
422 1908 547 1996 juvabit
562 1911 752 1986 observasse,
779 1910 1029 1994 orthographiam
1047 1908 1179 1975 nominis
1198 1908 1321 1974 Ποτεί-

178 1995 261 2082 δαια,
287 2021 419 2092 utroque
442 2009 514 2070 loco
528 2031 558 2068 ν.
576 2007 607 2069 6.
626 2019 659 2068 et
684 2017 732 2070 to.
753 2007 905 2091 scriptum
924 2031 996 2071 cum
1020 2035 1058 2082 ει,
1089 2031 1157 2092 quae
1172 2007 1323 2092 scriptura

174 2103 206 2169 iu
221 2104 376 2190 Catalogo
395 2103 578 2168 Fourmonti
595 2101 669 2166 Col.
680 2125 704 2166 r.
720 2105 741 2166 l.
753 2112 807 2168 40.
837 2111 898 2168 EM
916 2111 1166 2168 ΠΟΤΕΙΔΑΙΑΙ
1182 2107 1322 2169 recurrit.

180 2204 334 2269 Praeterea
348 2204 488 2266 firmatur
501 2199 643 2284 analogia
661 2201 805 2275 nominis,
829 2205 902 2265 urbs
920 2201 1012 2279 enim,
1038 2213 1071 2264 ut
1095 2204 1239 2265 observat
1253 2201 1324 2265 Vis·

176 2320 298 2379 coutus,
317 2304 475 2385 appellata
491 2314 569 2363 esta
586 2299 617 2362 N
621 2312 747 2382 eptuuo,
766 2301 856 2384 cujus
875 2322 987 2362 nomen
1007 2299 1162 2362 Doricum
1178 2298 1321 2363 Ποτεί-

179 2387 248 2465 ‹lo'v
275 2402 360 2463 conf.
386 2399 491 2461 Koen.
510 2402 549 2462 ad
569 2397 703 2480 Gregor.
723 2397 865 2474 Corinth.
889 2398 927 2459 de
954 2397 1104 2460 Dialecto
1128 2396 1241 2460 Dorica
1259 2411 1322 2462 not.

178 2501 232 2564 86.
250 2496 383 2562 numinis
396 2498 488 2583 hujus
511 2495 671 2579 auspiciis,
694 2510 728 2558 ut
747 2495 877 2574 videtur,
906 2494 1039 2557 condita.
1089 2493 1258 2579 Templum
1274 2495 1320 2558 di-

178 2613 284 2662 catum
302 2596 465 2679 Neptuno,
483 2582 711 2671 Ποσειδώνιον,
738 2593 768 2655 iu
783 2593 930 2657 Potidaeae
954 2592 1080 2677 regione
1097 2607 1321 2657 commemorat

178 2694 379 2779 Thucydides
398 2716 446 2757 rv.
476 2717 508 2756 c.
525 2702 595 2764 129.
622 2706 744 2755 etcum
768 2692 946 2768 Persarum,
971 2690 1023 2775 qui
1041 2690 1211 2755 Potidaeam
1234 2692 1321 2755 obsi-

181 2798 298 2869 darent,
325 2815 436 2875 magna
470 2814 540 2875 pars
568 2790 718 2854 fluctibus
748 2789 851 2854 subito
881 2792 917 2853 ad
948 2788 1101 2852 insolitam
1130 2788 1321 2853 altitudinem

114 2923 120 2932 ⁴
181 2893 270 2957 elatis
288 2895 431 2954 absumta
447 2902 539 2969 esset,
567 2887 598 2951 id
625 2888 804 2952 Potidaeatte
831 2886 983 2952 accidisse
1006 2888 1152 2951 dicebant
1168 2887 1212 2950 ira
1229 2888 1321 2972 Nep-

182 2991 257 3067 tuni,
276 2982 328 3054 ὅπι
358 2986 420 3050 τοῦ
437 2976 700 3053 Ποσειδέωνοιὲι
723 2980 785 3051 ‘criu
809 2980 883 3063 νηὸν
897 2983 949 3049 καὶ
975 2981 1019 3047 πὸ
1041 2976 1185 3071 ἄγαλμα
1210 2980 1260 3050 τιν’
1284 2981 1323 3051 ἑν

180 3090 236 3175 *rai
262 3085 501 3175 προαστείῳ
523 3079 698 3166 ἠσέβησαν
718 3075 811 3147 οὗτοι
838 3083 905 3147 τῶν
931 3079 1083 3171 Περσέων
1103 3084 1222 3147 Herod.
1237 3105 1320 3153 vrri.

180 3214 209 3253 c.
227 3197 299 3259 129.
351 3184 443 3247 Falsa
460 3183 552 3266 igitur
569 3195 617 3245 est
634 3181 787 3263 scriptura
802 3169 977 3255 floridum,
1004 3178 1075 3241 licet
1094 3202 1161 3241 eam
1180 3182 1320 3244 omnium

177 3286 376 3369 scriptorum,
407 3280 461 3365 qui
485 3282 577 3365 hujus
606 3277 691 3340 urbis
721 3276 908 3339 mentionem
934 3277 1086 3351 lecerunt,
1118 3276 1199 3339 Mati
1216 3298 1324 3341 omnes

179 3394 358 3469 sequantur,
381 3401 439 3440 nec
462 3377 564 3440 minus
579 3374 881 3457 reprehendendum,
898 3374 980 3457 quod
997 3360 1218 3438 Ποτιδαίαται
1237 3378 1320 3441 brevi

177 3510 199 3546 α
216 3481 360 3545 dicuntur
377 3477 460 3558 apud
478 3470 696 3553 Thucydidem
715 3470 868 3555 aliosque,
894 3470 1049 3534 scribendi
1067 3494 1181 3557 nempe
1199 3473 1319 3539 Ποτει-

214 3631 223 3660 ¹
246 3630 273 3687 V
275 3630 397 3688 iscontus
410 3631 471 3686 baec
482 3630 521 3686 ita
535 3626 666 3686 restituit:

334 3726 425 3800 Allisip
444 3726 494 3793 μὲν
515 3724 619 3801 ψνχᾶι
640 3720 806 3797 ὑπεδέξατο,
829 3722 974 3793 σοι’μαπα
996 3720 1017 3777 δ’
1037 3722 1138 3778 ὕπνον

373 3802 477 3859 Τὸνδε
499 3800 666 3857 Ποπειδαῖαι
686 3798 757 3875 cippi
778 3796 865 3855 πῦλαι
886 3800 1016 3879 ἔλαχον

175 3896 282 3952 omisso
296 3893 320 3965 γ’
334 3902 399 3951 ante
413 3898 495 3971 ἀμφί,
517 3894 588 3969 quod
605 3892 633 3947 in
653 3910 728 3948 mar·
777 3911 869 3948 sermo
883 3902 936 3948 est.
981 3896 1021 3949 lla
1038 3904 1098 3949 tum
1117 3893 1199 3949 ὕπνοι
1213 3902 1241 3949 et
1253 3912 1324 3950 mor-

174 3993 251 4028 more
265 3992 323 4029 esse
342 3975 476 4047 spondere
493 3991 619 4046 possum.
660 3971 727 4026 Pro·
777 3980 856 4026 tuum
866 3990 924 4026 esse
932 3973 1080 4039 κοιμᾶσθαι
1089 3972 1178 4028 ubivis
1188 3972 1324 4029 dicuntur.

176 4063 259 4108 vocat
272 4053 307 4107 ad
320 4053 535 4127 Epigrammata
544 4049 725 4119 Callimachi,
778 4052 853 4107 Cum
874 4068 940 4105 aero
954 4051 1093 4123 separatio
1113 4051 1215 4106 auimae
1229 4070 1247 4106 a
1265 4070 1323 4108 cor-

173 4132 312 4205 inquibus
335 4150 410 4187 mors
431 4131 538 4185 dicatur
558 4132 629 4207 lapda
644 4128 725 4185 danos
776 4148 840 4201 pore
853 4140 1088 4187 commemoratur
1105 4140 1186 4203 atque
1199 4128 1248 4185 illa
1262 4122 1325 4185 riar-

173 4211 335 4283 Epigr.49.
372 4208 454 4266 ὕπνοι
474 4208 654 4286 πεπρωμένος
675 4213 724 4262 44.
775 4218 853 4262 ratur
865 4208 899 4262 ad
921 4208 1125 4277 utheraabire,
1147 4202 1323 4281 tunicorpus

172 4288 412 4364 ὀφειλόμενοκᾶὸ.
435 4299 463 4344 et
483 4289 617 4365 adaptem
638 4286 720 4342 laune
772 4286 892 4341 dormire
919 4306 937 4342 a
959 4287 1069 4343 nemine
1094 4288 1258 4343 Graecorum
1282 4290 1322 4344 di-

174 4366 271 4441 Epigr.
299 4368 405 4439 Adesp.
428 4362 498 4424 666.
547 4364 628 4422 Nihil
654 4384 722 4423 sane
773 4366 854 4435 citur,¹
876 4382 925 4421 nec
947 4366 999 4423 nisi
1020 4368 1055 4421 ab
1079 4366 1192 4423 homine
1216 4367 1324 4425 christi·

172 4446 227 4500 hac
250 4445 359 4502 dicendi
379 4445 487 4521 ratione
503 4444 655 4521 vulgarius,
674 4444 723 4500 sed
774 4463 828 4519 arro
849 4444 902 4501 dici
924 4446 1033 4519 poterit.

174 4524 282 4581 nonnisi
296 4525 400 4580 cumin
412 4525 572 4581 uuiversum
586 4526 621 4581 de
635 4530 724 4581 morte
