3250 5350
294 485 381 557 lxxii
737 501 1082 552 rnonssouesr.

292 661 395 747 biles,
430 656 592 756 quamvis
625 679 758 754 magno
790 655 916 728 labore
947 663 1098 750 emptas,
1136 655 1324 751 aucupari.
1387 660 1488 754 Apo·

292 791 430 891 grapba
445 798 613 864 accurata
636 809 702 882 pro
725 787 916 870 mendosis,
942 810 1054 859 naum
1071 787 1130 861 vel
1152 787 1307 860 dmum
1323 788 1487 864 libellum

293 940 359 1012 pro
388 915 549 1010 plurimis
581 913 741 1012 ingentis
771 913 877 987 molis
897 913 996 986 libris
1025 938 1106 987 cunr
1142 913 1362 990 Lectoribus
1389 942 1490 990 eom·

291 1047 475 1119 manicare
499 1044 616 1130 volni;
644 1068 712 1118 nec
729 1043 903 1140 quicquid
921 1056 1100 1140 praeterea
1118 1047 1202 1120 feci.
1249 1048 1294 1119 ln
1327 1050 1493 1135 minutiis

291 1173 450 1268 prolixus
479 1196 558 1244 esse
586 1171 696 1258 nolui,
719 1194 792 1244 nec
822 1171 950 1268 longas
978 1173 1023 1244 de
1051 1174 1159 1245 rebus
1182 1174 1347 1247 obscmb
1375 1183 1490 1271 atque

292 1300 494 1374 difficilibus
519 1299 787 1376 dissertationes
809 1298 991 1371 infercire.
1043 1297 1165 1370 Multa
1190 1299 1273 1371 loca
1295 1324 1324 1370 a
1344 1301 1490 1373 caeteris

294 1432 428 1518 relicte,
469 1430 571 1524 plura
611 1453 634 1499 a
678 1427 819 1503 ceteris
849 1436 1012 1514 tractata,
1052 1450 1123 1523 ego
1169 1428 1303 1500 intacta
1345 1429 1491 1525 reliqui.

294 1561 413 1632 Satius
437 1558 532 1630 enim
561 1557 647 1633 duni
677 1567 810 1643 tacere,
836 1580 945 1653 quam
977 1579 1110 1628 errare.
1159 1555 1247 1630 Nec
1274 1557 1492 1630 Collectoris

295 1710 424 1760 munus
449 1697 504 1758 est
517 1684 672 1760 difficilia
698 1685 890 1780 explicare,
916 1686 979 1756 aed
1007 1684 1121 1756 multo
1148 1685 1311 1781 ejusdem
1341 1686 1493 1783 generis

294 1817 332 1888 in
359 1814 516 1886 eundem
537 1813 659 1890 locum
689 1815 914 1899 contrahere,
942 1824 983 1886 nt
1012 1813 1128 1910 (quod
1163 1814 1242 1909 ipse
1275 1815 1400 1888 forsan
1428 1838 1496 1887 ne·

295 1945 420 2038 queat)
465 1941 531 2012 viri
572 1940 667 2012 docti
705 1941 774 2016 alia
814 1941 966 2014 aliorum
1002 1965 1073 2038 ope
1116 1942 1309 2016 illustrent.
1376 1943 1495 2016 Plura

296 2075 440 2172 quidem
475 2097 584 2167 qnam
616 2075 745 2152 deceat
767 2075 803 2144 in
835 2076 904 2146 boc
928 2075 1023 2148 libro
1060 2078 1189 2150 menda
1223 2081 1493 2178 typographica

297 2203 429 2278 Lector
460 2201 629 2296 reperiet.
688 2200 797 2290 Quod
830 2211 951 2276 tamen
985 2203 1085 2292 mihi,
1113 2206 1211 2278 band
1244 2210 1495 2306 typographo,

296 2330 382 2402 vitio
416 2329 628 2406 vertendum
662 2338 731 2402 est.
796 2327 853 2402 Ea
884 2331 1030 2425 quidem
1063 2354 1130 2425 per
1159 2332 1303 2427 aliquot
1337 2356 1496 2421 menses,

295 2469 421 2555 postea
456 2479 563 2554 quarn
598 2456 691 2529 liber
724 2456 761 2530 in
795 2458 878 2554 eJus
912 2481 1038 2532 manns
1069 2458 1222 2532 traditus
1256 2469 1365 2543 esset,
1399 2461 1498 2533 vale-

296 2590 421 2664 tudine
460 2579 546 2664 dsus
581 2611 660 2664 suns
695 2598 737 2662 ut
771 2587 999 2662 Correctoris
1031 2599 1154 2684 partes
1184 2590 1245 2663 vix
1278 2603 1316 2663 et
1350 2615 1399 2665 ne
1432 2592 1497 2665 rix

297 2720 444 2815 quidem
467 2719 645 2795 sustinere
671 2740 828 2812 possem,
855 2740 924 2789 nec
946 2716 1034 2789 mibi
1053 2718 1097 2791 in
1118 2741 1203 2791 rure
1226 2719 1375 2816 degenti
1400 2744 1497 2813 prae-

298 2862 352 2929 sto
387 2853 457 2923 fuit
496 2850 632 2923 amicus
665 2848 797 2944 aliquis
809 2850 833 2935 ¹,
872 2850 936 2945 qui
970 2852 1007 2922 id
1041 2874 1172 2925 munus
1206 2853 1309 2925 obire
1338 2864 1495 2947 posaet3

296 3008 320 3054 a
339 2979 582 3077 vcantabrigia
596 2992 640 3053 et
662 2980 890 3076 typographo
913 2978 1024 3077 longe
1049 2981 1221 3070 aberam3
1247 2983 1327 3056 aliis
1343 2985 1497 3079 quidem

298 3110 454 3210 nogotiis
478 3108 672 3205 implicitus
703 3130 804 3193 snm;
846 3106 928 3182 libri
956 3108 1117 3203 denique
1144 3111 1256 3200 multi,
1292 3114 1500 3210 dequibus

297 3252 380 3339 post
400 3239 530 3313 multos
555 3247 706 3309 conatus
722 3236 1005 3331 desperaveram,
1031 3238 1129 3310 inter
1146 3238 1427 3333 imprimendum
1448 3247 1500 3317 ad

299 3398 355 3445 me
378 3372 476 3445 allati
500 3369 611 3441 libelli
632 3369 702 3439 mei
727 3370 890 3440 ordinem
910 3368 1119 3456 turbabant,
1143 3382 1181 3443 et
1202 3375 1327 3446 omnia
1353 3386 1502 3451 mutare

295 3501 485 3598 cogebant,
515 3498 613 3595 quod
647 3497 740 3569 idem
772 3500 818 3571 de
849 3498 974 3591 paucis
1009 3520 1158 3594 quoque
1193 3501 1502 3598 inscriptionibus

296 3629 488 3703 dicendum
510 3636 575 3699 est.
630 3625 723 3714 Quae
745 3626 868 3697 omnia
894 3624 1001 3698 velim
1027 3624 1162 3697 Lector
1186 3650 1311 3702 secum
1335 3646 1501 3727 reputet,

296 3770 334 3834 et
363 3758 572 3833 salmasium
604 3758 720 3857 (enjus
752 3760 862 3832 rerba
907 3758 1100 3831 Coronidis
1133 3760 1215 3831 loco
1246 3763 1406 3857 profero)
1450 3770 1503 3841 de

296 3895 365 3966 bac
406 3894 531 3966 eadem
573 3916 612 3964 re
643 3892 860 3987 loquentem
905 3891 1039 3963 audiat.
1092 3891 1226 3963 “Dum
1271 3894 1372 3968 aliud
1407 3920 1501 3997 ugo,

297 4024 381 4093 dum
398 4044 564 4116 propero,
590 4023 675 4094 dum
692 4020 921 4119 gravioribus
939 4045 1017 4093 sum
1033 4031 1247 4115 occupatus,
1274 4023 1328 4095 sic
1354 4025 1502 4101 factum

296 4161 352 4225 est
383 4164 424 4225 ut
461 4176 591 4225 cavere
617 4154 677 4224 vix
706 4152 885 4245 potuerim
917 4174 964 4223 ne
1001 4151 1086 4222 talia
1120 4150 1232 4222 multa
1268 4152 1503 4248 imprudenti

295 4280 583 4380 incogitantiqne
604 4280 822 4368 exciderent,
852 4305 935 4377 quse
952 4280 1041 4352 mihi
1063 4303 1191 4390 vacuo,
1219 4291 1257 4354 et
1279 4284 1351 4357 boc
1378 4310 1503 4362 unum

337 4455 345 4484 ¹
366 4455 537 4513 Beneficium
556 4459 663 4535 insigne
685 4458 714 4516 in
742 4478 788 4516 me
812 4459 869 4516 col·
918 4460 947 4519 J.
957 4460 992 4521 C.
1004 4460 1092 4534 Here,
1113 4462 1206 4520 cuiob
1218 4464 1504 4543 Prolegomenacor·

296 4549 400 4608 locarit
434 4550 609 4611 doctissimus
643 4552 749 4611 amicus
786 4571 867 4611 meus
918 4560 995 4613 recta
1008 4552 1159 4629 plurimum
1173 4572 1225 4631 ego
1238 4556 1334 4620 debeo.
