3250 5350
149 476 277 544 lusco.
301 475 359 556 V.]

496 890 648 972 Ocres.
676 888 715 969 Ι.
769 889 923 972 Inson.
952 889 1004 970 V.

582 1126 673 1185 TAB.
697 1125 752 1182 111.
793 1124 867 1186 Pro.
889 1125 929 1186 ΙΙ.

680 1348 815 1399 ..φ-

254 1556 284 1624 E
304 1557 428 1624 schedis
449 1557 490 1624 E.
508 1555 653 1644 Tupper,
673 1555 717 1622 Τ.
735 1558 770 1622 S.
791 1555 937 1642 Hughcs,
955 1569 988 1620 et
1008 1553 1269 1624 Fourmontinnis.

232 1715 375 1811 Hunc
430 1729 703 1831 inscriptionem
746 1729 784 1803 in
839 1727 948 1802 domo
993 1719 1149 1824 cundum
1199 1729 1355 1806 Athenis

149 1865 294 1966 reperit
320 1866 376 1940 vir
404 1863 545 1964 ingenii
569 1863 755 1962 elegantia
777 1870 816 1936 ct
839 1861 938 1940 ruris
966 1861 1170 1935 eruditione
1199 1862 1355 1962 insignis

149 2000 202 2078 Τ.
221 1999 265 2072 S.
282 1996 452 2094 Hughes.
497 1995 689 2093 Lycabetti
714 1994 814 2091 prius
840 1993 977 2066 viderat
1007 1991 1050 2066 E.
1069 1993 1225 2094 Tupper
1250 1995 1355 2093 cujus

150 2129 417 2228 Apographum
457 2148 601 2200 mecum
640 2124 919 2198 communicavit
951 2124 1006 2198 vir
1046 2125 1146 2199 omni
1180 2127 1355 2202 doctrine

148 2261 263 2334 laude
293 2257 567 2333 florentissimus
598 2257 641 2330 P.
670 2257 712 2330 P.
742 2257 932 2331 Dobraeus.
986 2256 1031 2330 ln
1063 2257 1205 2330 schedis
1238 2259 1355 2332 Four·

150 2390 353 2464 montionis
396 2389 453 2462 his
499 2381 618 2462 verbis
662 2397 811 2462 notetur
853 2397 920 2461 “A
959 2391 1175 2487 χουρβαλα.”
1245 2389 1355 2463 Aliud

151 2519 419 2617 Apogmphum
449 2517 637 2593 Boethius
667 2542 768 2592 meus
799 2527 917 2615 nuper
945 2517 1031 2591 mihi
1063 2517 1171 2590 misit.
1224 2515 1357 2589 Omnis

149 2651 380 2750 Apogropho
404 2652 443 2726 in
466 2651 635 2726 omnibus
659 2649 905 2739 consentiunt,
934 2649 1003 2723 nisi
1030 2649 1128 2747 quod
1157 2645 1358 2722 Fourmon·

146 2784 295 2857 tionum
330 2782 486 2870 incuria,
518 2794 561 2854 ut
591 2782 745 2869 videtur,
776 2780 933 2879 primum
963 2814 987 2854 σ
1015 2781 1117 2855 verbi
1148 2812 1292 2868 emm
1322 2780 1359 2855 in

147 2915 253 2987 linea
274 2916 439 2987 secunde
460 2916 612 2988 omittet
664 2913 850 2989 Biickhius
876 2912 1029 3010 primum
1052 2914 1184 2988 lineam
1210 2914 1358 2988 brevem

148 3074 233 3123 esse
250 3048 411 3134 titulum,
438 3046 748 3148 Epigmphenque
771 3046 957 3121 metricum
976 3072 1055 3122 esse
1075 3049 1209 3123 statuit.
1264 3050 1358 3141 Quae

140 3181 224 3281 jum
251 3182 291 3254 in
318 3180 442 3276 lepide
471 3181 719 3279 reperiuntur,
751 3191 890 3277 portem
918 3203 997 3253 esse
1029 3182 1229 3255 hexametri
1253 3192 1359 3279 putet

149 3311 225 3384 hoc
253 3308 363 3382 modo
388 3295 610 3399 concinnati,
1109 3289 1115 3309 ’

241 3455 396 3542 'Eam'
420 3457 517 3550 ἕν’γνς
544 3458 610 3549 (sc.
637 3458 764 3552 ἕγγῦς)
792 3456 891 3551 Ηοδῷ
915 3459 1047 3555 ἀγαθοῦ
1071 3464 1124 3533 rai
1134 3514 1248 3535 ......

226 3600 483 3675 Blomfieldius
510 3601 677 3699 quidcm¹
697 3628 822 3678 vocem
849 3606 959 3701 ἐγγύς
983 3608 1030 3681 nb
1053 3609 1091 3683 ἐν
1115 3610 1184 3713 γύῃ
1202 3608 1357 3685 derivari

149 3738 273 3823 docet,
303 3734 401 3831 quod
428 3745 549 3807 tomen
583 3735 614 3807 si
644 3758 769 3809 verum
799 3736 847 3810 sit
877 3739 1089 3815 hodiernam
1118 3740 1269 3817 iorrnnrn
1297 3746 1360 3817 ud-

147 3863 322 3941 verbium
345 3864 568 3960 temporibus
595 3866 846 3941 remotissimis
878 3870 1059 3966 recepisse
1085 3874 1359 3947 concedendum

148 4020 219 4083 ost
273 4004 361 4081 Nec
391 4006 430 4078 in
451 4004 558 4081 titulo
572 4018 647 4080 tom
667 4006 833 4105 antiquo,
861 4031 1021 4104 unquam
1047 4021 1222 4107 quantum
1248 4011 1358 4085 sciam

149 4144 314 4218 Gommn
364 4148 452 4211 nnte
492 4138 590 4213 uliud
642 4139 798 4215 Gnmmn
845 4139 884 4214 in
931 4175 948 4214 ν
988 4166 1130 4216 versum
1181 4142 1359 4219 videmus.

148 4270 293 4347 Rarius
314 4290 464 4367 quoque
479 4267 719 4365 proculdubio
741 4263 885 4345 dntivus
902 4270 1013 4345 verbo
1030 4302 1138 4378 syyvs
1156 4271 1359 4371 subjicitur.

150 4402 333 4477 Profecto
379 4422 490 4475 nemo
538 4402 747 4501 hujusmodi
798 4402 1004 4502 fingmento
1050 4404 1135 4477 sotis
1178 4403 1359 4501 explicere

149 4545 288 4633 potest.

440 4694 451 4727 ¹
473 4695 874 4771 Proleg.od1t1stth.Grom.
891 4697 943 4757 Gr.
965 4716 992 4771 p.
1009 4710 1106 4755 xurx.
