3250 5350
431 971 582 1054 Onnes.
612 904 677 1055 Ii.
733 971 855 1054 Nun.
880 906 980 1054 XX.

292 1244 703 1321 INSCRIPTIONES
748 1243 1147 1320 MiSCELLANEAE.

528 1487 620 1546 Tnss.
643 1487 729 1546 ΧΙΙΙ.
770 1491 841 1546 Pro.
865 1488 905 1546 11.

657 1723 788 1772 ..φ-

194 1965 228 2038 1,
253 1967 286 2024 2.
317 1949 493 2039 [nannius
526 1986 640 2060 prope
674 1961 846 2036 Hermam
891 1963 1045 2037 Boeotiae
1087 1964 1206 2038 vicum
1250 1968 1314 2040 has

124 2091 367 2190 inscriptiones
409 2092 552 2192 reperit.
620 2091 763 2166 Formae
806 2093 952 2188 quidem
993 2092 1176 2168 literarum
1218 2097 1314 2169 anti·

126 2223 313 2318 purissimae,
339 2233 378 2296 at
404 2225 528 2298 nescio
555 2222 663 2320 piane
691 2222 778 2320 quid
806 2224 1036 2297 statuendum
1065 2225 1111 2298 de
1141 2226 1231 2298 mira
1255 2227 1313 2300 iiia

124 2359 313 2431 mutatione
344 2357 655 2456 diphthongornm
690 2362 739 2428 ΑΙ
774 2365 812 2430 et
837 2363 889 2429 01
926 2355 962 2429 in
994 2365 1056 2429 ΑΕ
1088 2370 1125 2431 et
1158 2368 1230 2434 OE.
1273 2361 1313 2433 Si
1359 2350 1371 2382 ⁸

121 2490 212 2584 prior
233 2513 300 2588 per
321 2513 400 2562 sese
423 2475 707 2587 conspiceretur,¹
722 2488 959 2563 latinismnm
988 2491 1095 2586 piane
1120 2493 1312 2578 redoleret,

121 2623 173 2696 cui
199 2635 323 2698 tamen
350 2621 540 2697 sententia
564 2621 742 2721 posterior
770 2620 834 2694 ilia
860 2627 923 2696 OE
947 2621 1094 2728 minime
1119 2621 1226 2697 favet.
1268 2623 1313 2696 ln

121 2755 214 2833 libris
245 2746 390 2856 quidem
420 2756 510 2831 nihil
539 2756 658 2855 reperi
692 2756 788 2853 quod
819 2754 905 2829 hnic
930 2728 1167 2856 reiaiiquam
1196 2757 1313 2831 iucem

121 2892 305 2967 offundere
329 2900 449 2990 queat.
503 2888 717 2964 Notandum
748 2898 804 2963 est
830 2888 1007 2964 lcakium
1038 2894 1232 2967 soeundam
1256 2894 1312 2969 in·

120 3018 346 3116 scriptionem
375 3044 398 3091 a
427 3016 605 3119 Tanagra
636 3018 809 3092 Hermam
844 3018 1039 3118 aliqnando
1063 3021 1204 3095 allatam
1234 3046 1313 3097 esse

120 3163 252 3246 putare,
274 3176 356 3227 cum
384 3151 434 3225 ibi
458 3153 675 3249 templume
700 3174 877 3226 marmore
903 3153 1065 3252 ejusdem
1093 3155 1241 3253 generis
1269 3181 1313 3228 ac

119 3284 206 3361 iilius
247 3288 287 3360 in
332 3312 405 3384 quo
451 3288 531 3359 haec
576 3286 790 3385 Epigraphe
835 3286 947 3359 incisa
992 3301 1049 3361 est
1093 3288 1312 3363 aedificatum

120 3415 259 3491 viderit.

187 3562 226 3621 3.
252 3546 411 3623 Ieakius
433 3568 619 3644 nunquam
648 3546 717 3619 nisi
744 3547 781 3619 in
810 3546 1025 3643 hoclapide
1049 3552 1175 3645 (quem
1199 3575 1312 3648 prope
1468 3584 1473 3591 ·

117 3682 325 3784 Tanagram
353 3684 508 3781 reperit)
536 3684 729 3780 aspiratam
756 3684 794 3765 in
823 3683 970 3757 Boeotia
994 3686 1210 3773 observavit.

186 3828 225 3886 4.
266 3814 311 3887 In
351 3814 421 3887 hac
464 3812 699 3907 inscriptione
742 3816 867 3910 (qnam
912 3813 1009 3885 inter
1050 3812 1231 3911 Thespias
1277 3828 1313 3887 et

117 3942 283 4021 Thisben
307 3945 467 4020 lentim
490 3943 695 4040 exscripsit)
721 3944 873 4017 eandem
892 3952 954 4017 τοῦ
981 3978 1007 4042 χ
1027 3945 1178 4020 formam
1202 3972 1245 4019 ac
1272 3948 1310 4019 in

115 4080 338 4178 precedenti
355 4078 528 4153 videmus.

186 4228 226 4300 5,
255 4212 291 4287 6.
336 4212 379 4285 In
415 4211 542 4285 eodem
578 4211 658 4285 loco
701 4234 773 4306 quo
817 4212 1081 4307 precedentem
1121 4212 1214 4286 idem
1260 4212 1315 4284 vir·

113 4344 243 4417 doctus
267 4342 468 4438 exscripsit.
521 4341 562 4413 ln
592 4340 652 4414 ilia
680 4342 836 4414 notanda
866 4340 979 4413 litere
1009 4349 1037 4414 Σ
1066 4342 1312 4439 reduplicatio,

112 4475 148 4548 in
178 4478 252 4549 hac
285 4478 401 4551 forma
430 4474 601 4549 elementi
635 4482 661 4564 1,
697 4497 794 4573 quae,
817 4498 899 4545 curn
932 4497 1108 4571 nusquam
1137 4487 1311 4572 praeterea

113 4616 294 4697 occurrat,
318 4616 384 4680 aut
410 4603 509 4679 casui
534 4613 597 4676 aut
621 4602 858 4692 festinationi,
877 4605 998 4691 credo,
1027 4602 1217 4677 tribuenda
1244 4622 1309 4679 est.
