3250 5350
165 452 294 520 Isson.
319 451 432 530 vlla]
743 461 813 538 ¹⁸¹9

165 643 245 706 cst:
286 657 457 732 niagnum
494 634 712 733 prodigium,
746 658 828 707 cum
874 636 1045 731 postridie
1084 637 1131 708 ad
1172 637 1363 716 cubitalem

164 772 387 845 altitudinem
419 771 608 845 accrevit¹.
663 774 711 844 At
743 772 994 845 instaurantur
1020 781 1163 846 veteres
1198 774 1364 855 Athenae,

165 901 474 986 communiuntur,
499 923 543 972 ae
563 899 640 996 jam
670 899 905 973 oediliciorum
936 899 1207 996 pulchritudine
1234 887 1365 972 nobili-

164 1037 300 1099 tantur.
353 1025 498 1099 Tamen
526 1026 767 1098 sanctuarium
788 1025 898 1098 totius
920 1025 1075 1098 civitatis
1096 1025 1194 1098 inter
1213 1024 1364 1111 Thesei,

164 1158 423 1245 Parthenonis,
451 1158 799 1255 Propylreorumque
822 1159 1075 1230 struendorum
1095 1159 1363 1230 contentionem

164 1275 373 1382 neglectum
395 1297 459 1372 est,
482 1303 595 1380 atque
610 1285 763 1359 florente
782 1287 990 1382 reipublicae
1004 1297 1098 1359 statu
1113 1309 1216 1358 sacra
1230 1310 1364 1382 augus·

163 1416 304 1487 tissima
331 1419 427 1489 haud
454 1417 563 1488 dubie
591 1419 629 1489 in
647 1419 801 1490 aedicula
828 1419 951 1514 lignea
967 1417 1025 1491 rel
1047 1419 1148 1513 ligno
1162 1426 1266 1489 'tecta
1284 1417 1363 1489 ticri

164 1544 378 1638 permissum
394 1543 418 1616 ².
473 1545 568 1616 Satis
595 1555 675 1617 erat
700 1544 906 1616 Minervam
921 1545 1016 1616 arcis
1034 1547 1226 1640 praesidem
1246 1556 1364 1616 statua

165 1673 306 1769 ingenti
333 1673 415 1746 aeris
441 1695 590 1768 ponere,
618 1698 724 1771 quam
755 1673 905 1746 Phidias
923 1672 1009 1745 iecit
1035 1687 1073 1746 et
1093 1676 1197 1772 cujus
1222 1686 1363 1747 scutum

164 1805 244 1878 fere
277 1807 429 1903 triginta
457 1810 563 1879 annis
591 1820 670 1901 post
701 1810 787 1902 (hoc
813 1808 910 1878 enim
938 1817 1074 1880 statuas
1106 1831 1254 1881 necesse
1283 1806 1363 1898 est)

165 1935 396 2032 Mystoreuta
424 1940 469 2009 ad
495 1937 610 2008 lineas
640 1937 822 2010 Parrhasii
850 1959 960 2032 opere
990 1937 1118 2010 caelato
1142 1937 1362 2010 exornarit’.

165 2063 353 2134 collocata
393 2074 471 2135 erat
505 2065 584 2136 haec
617 2064 795 2158 Πρόμαχος
832 2065 927 2134 inter
968 2063 1158 2158 Propyloea
1172 2036 1182 2054 ⁸
1196 2076 1233 2136 et
1273 2065 1362 2136 Par·
1452 2063 1457 2070 ’

165 2177 401 2266 chenonem
437 2194 546 2265 cassis
579 2203 615 2264 et
649 2193 759 2263 hastae
786 2193 904 2286 cuspis
923 2193 1001 2289 jarn
1029 2193 1077 2262 ab
1111 2193 1154 2263 iis
1186 2193 1363 2289 conspici·

162 2325 306 2408 ebatur,
346 2321 407 2416 qui
451 2343 607 2416 peregre
647 2319 880 2391 advenientes
915 2319 1068 2390 Sunium
1121 2320 1361 2394 circumnavi-

162 2449 331 2546 garant⁶,
367 2470 447 2518 curn
483 2446 563 2517 aeris
603 2444 724 2541 fulgor
761 2447 846 2514 ae're
879 2443 1035 2515 candido
1075 2453 1113 2514 et
1147 2445 1361 2518 tenuissimo

163 2585 388 2673 propagatus
415 2573 526 2669 longe
565 2571 782 2666 conspicuus
819 2579 927 2643 esset.
981 2569 1114 2642 Verum
1149 2571 1227 2642 aede
1258 2595 1362 2644 sacra

164 2703 283 2775 Pallas
318 2702 439 2775 Polias
473 2702 534 2771 diu
571 2701 727 2786 carebat,
752 2702 828 2773 sive
864 2700 1106 2772 Athenienses
1139 2702 1270 2773 carano
1296 2704 1362 2775 ab·

163 2846 283 2907 sumto
317 2846 455 2929 tantum
486 2833 669 2925 inceptum
697 2831 757 2901 diu
781 2832 1076 2919 reformidabant,
1102 2832 1179 2905 sire
1210 2856 1290 2906 sese
1315 2836 1362 2907 ad

164 2971 233 3041 hoc
260 2990 352 3061 opus
380 2965 642 3038 intermittente
664 2972 803 3036 tantum
830 2965 924 3037 bello
949 2966 1187 3037 conferebant
1213 2976 1251 3036 et
1278 2966 1364 3037 sub·

161 3096 292 3169 secivis
320 3096 423 3192 quasi
445 3093 576 3189 operis.
633 3092 673 3163 ld
699 3102 837 3164 tantum
865 3092 1010 3179 scimus,
1036 3092 1166 3165 Diocle
1186 3092 1362 3164 archonte

161 3232 220 3303 Ol.
254 3228 381 3302 XOll.
411 3244 445 3301 4.
485 3250 576 3323 opus
609 3249 653 3297 eo
688 3227 901 3321 perductum
934 3224 1059 3310 fuisse,
1090 3235 1131 3295 ut
1163 3223 1360 3317 parictibus

161 3361 249 3457 oedis
286 3382 390 3431 novae
426 3368 463 3429 et
503 3356 685 3451 plerisque
719 3352 895 3425 columnis
920 3353 997 3449 jam
1034 3351 1215 3425 collocatis
1245 3364 1357 3427 totum

160 3502 285 3563 tamen
316 3498 448 3560 tectum
477 3486 597 3557 adhuc
623 3483 789 3554 abesset:
820 3504 940 3575 neque
968 3481 1104 3575 scalpta
1129 3492 1251 3554 essent
1276 3506 1360 3578 quse

160 3618 368 3713 scalpendo,
396 3626 433 3686 et
461 3611 621 3707 impolita
643 3632 726 3705 quae
750 3608 918 3702 poliendo
934 3606 1011 3677 fere
1038 3607 1170 3685 omnia.
1223 3607 1361 3697 Quodsi

200 3880 208 3911 ¹
232 3875 342 3933 Herod.
360 3890 438 3931 vui.
454 3876 502 3939 53,
518 3873 566 3925 55.
787 3865 817 3921 in
831 3864 949 3921 Androt.
965 3881 994 3935 p.
1013 3866 1102 3919 1440.
1115 3860 1159 3916 W.

196 3970 209 3999 ¹
232 3970 279 4025 De
291 3969 345 4023 hac
361 3964 468 4021 Herod.
487 3979 563 4017 νιιι.
579 3965 627 4017 55.
671 3956 736 4017 ἔστ’.
826 3957 838 3987 ⁴
857 3953 1358 4029 Numusap.Pellerin.Barthelemy.

155 4065 186 4121 ἐν
200 4066 242 4143 τῇ
251 4059 392 4141 ἀκροπόλι
402 4060 496 4137 ταύτῃ
509 4056 668 4135 Ἐρεχθῆος
683 4050 737 4109 τοῦ
788 4048 892 4106 Sluarl.

154 4153 290 4227 merlus
311 4146 542 4223 ampliandum
560 4146 621 4213 νηός
663 4144 735 4209 Quae
825 4142 891 4199 ⁵ld
925 4161 978 4197 non
1022 4150 1080 4197 tam
1130 4143 1225 4207 miror,
1272 4157 1358 4214 quam

154 4249 265 4321 scripta
279 4254 347 4319 puto
360 4246 412 4300 sub
431 4241 545 4301 tertium
560 4239 617 4295 fere
630 4255 735 4292 annum
786 4245 897 4292 scutum
931 4236 958 4290 in
1000 4236 1133 4306 Acropoli
1166 4233 1306 4291 sublatum
1341 4256 1358 4293 a

152 4340 225 4398 belli
241 4334 480 4413 Peloponnesiaci.
787 4329 891 4398 Persis,
915 4348 979 4385 cum
996 4323 1175 4383 ¹Marathone
1201 4328 1357 4401 solvissent,

193 4432 207 4461 ³
231 4432 319 4489 Paua.
331 4430 354 4487 1.
370 4435 420 4489 28.
432 4435 461 4487 2.
483 4424 520 4481 cf.
536 4422 687 4481 Demosth.
702 4423 736 4479 de
787 4424 908 4497 conspici
925 4423 1053 4497 potuisse.
1097 4421 1202 4483 Herod.
1219 4426 1273 4485 VI.
1289 4432 1358 4482 115.

149 4528 208 4601 leg.
223 4526 300 4584 salsa
315 4530 384 4585 428.
401 4531 449 4585 14.
477 4518 571 4579 Schol.
587 4517 735 4593 Demosth.
791 4522 858 4571 194.
