3250 5350
163 451 290 516 Irescs.
315 447 425 527 Vlll.]
710 456 778 534 147

163 618 380 692 occidentali
414 619 612 715 proximem
643 619 739 693 intre
763 617 941 716 porticum
969 615 1295 716 Stytsgnlmeticem
1323 627 1361 690 et

163 749 341 844 porticum
385 748 621 848 tetmstylum,
649 750 743 822 illem
778 773 865 822 vero
901 748 1073 845 mojorem
1106 757 1145 820 et
1178 746 1357 820 Minerroe

41 951 42 954 ,
159 879 295 971 tempto
328 879 551 976 contiguam.
606 879 788 977 Majorem
826 879 922 950 iilam
959 887 1097 972 portem
1138 875 1354 970 Cecropium

40 1053 44 1070 ι
156 1009 270 1082 fuisse
293 1014 423 1106 putent
450 1011 608 1084 Leakius
640 1023 677 1083 et
708 1009 901 1084 Stuurtius.
954 1007 996 1078 ln
1025 1007 1130 1103 cujus
1158 1005 1211 1078 rei
1242 1005 1350 1078 fldem

156 1137 429 1235 inscriptionem
454 1152 611 1213 nostram
630 1141 782 1214 odrocot
803 1137 975 1224 lenicius,
1000 1161 1082 1209 cum
1099 1135 1138 1208 in
1157 1160 1201 1208 eu
1216 1137 1352 1232 saepius

42 1330 45 1344 ι
155 1255 349 1340 occurrant
376 1269 485 1342 verba
511 1271 698 1366 προστάσιι
725 1271 809 1366 rrpdr
829 1276 891 1340 τοῦ
918 1273 1114 1361 Κεκροπίαν,
1139 1277 1177 1338 ed
1208 1239 1358 1353 similiap

40 1450 46 1492 s
156 1417 241 1488 quae
268 1395 359 1466 nihil
393 1395 462 1467 nisi
492 1395 693 1493 “Cecropii
721 1396 898 1491 porticum
911 1404 935 1428 ”
968 1415 1047 1465 esse
1077 1415 1182 1486 posse
1213 1393 1348 1465 statuit.

54 1610 57 1616 A
156 1523 229 1594 Sed
255 1525 388 1597 oblitus
412 1535 468 1596 est
488 1527 543 1598 vir
559 1549 719 1598 summus
741 1525 869 1596 eodem
891 1523 997 1595 modo
1015 1521 1075 1592 hic
1099 1521 1172 1593 dici
1194 1523 1276 1618 πρὸς
1291 1555 1353 1595 τοι

60 1724 64 1736 ,
154 1656 283 1739 Νότου,
309 1664 347 1725 et
365 1655 447 1748 πρὸς
471 1655 515 1726 ἔω
538 1655 588 1725 ito
609 1665 650 1726 ut
675 1678 721 1727 ex
748 1653 802 1724 his
825 1653 948 1725 uerbis
971 1651 1059 1722 nihil
1083 1649 1203 1748 colligi
1228 1651 1350 1744 possit.

40 1841 64 1858 ..
153 1786 363 1858 Creuzerus
400 1784 647 1856 Pandroseum
686 1782 873 1856 aediculsm
905 1806 987 1854 cum
1026 1780 1184 1854 Polindis
1217 1782 1351 1876 tempto

153 1914 385 2011 conjunctam
457 1909 912 2006 (zusammentangende);
975 1921 1013 1982 et
1068 1911 1153 1983 huic
1215 1911 1350 2006 templo

54 2101 72 2147 r:
154 2043 400 2114 Erechtheum
418 2041 622 2136 proximum
645 2039 769 2136 (nederc
790 2042 871 2112 dem
895 2038 1024 2132 tempel
1042 2039 1109 2110 der
1125 2025 1269 2132 Portas)
1287 2039 1351 2112 sed

151 2196 233 2244 cum
257 2197 303 2244 eo
326 2173 422 2244 houd
441 2171 676 2269 conjunctum
697 2196 775 2245 esse
793 2171 914 2244 dicit¹.

228 2301 447 2375 Wilkinsius
470 2311 595 2374 contro
624 2301 841 2396 Cecropium
871 2301 1070 2374 minime
1048 2249 1242 2377 Erechthei
1269 2331 1349 2404 pnr-

60 2407 73 2538 ⁸.
149 2447 237 2520 tem,
267 2433 429 2527 quamvis
461 2432 493 2504 ei
520 2431 719 2527 proximem
745 2431 857 2502 fuisse
885 2433 1020 2517 statuit,
1047 2432 1349 2518 Theodoretum⁸

148 2567 344 2650 advocans,
381 2563 485 2661 cujus
516 2563 629 2636 verbe
665 2561 813 2656 profert,
844 2559 972 2655 Ἄνωγε
1004 2563 1039 2634 ἐν
1078 2564 1347 2664 τῇιάκροπόλα

149 2700 322 2794 Κέκροπος
347 2695 424 2767 ἔστι
447 2695 569 2790 τάφοι,
595 2695 687 2790 rropd
710 2694 773 2777 ‘triv
795 2700 985 2789 Πολιοῦχον
1002 2694 1119 2781 oris-riu,
1138 2704 1176 2766 et
1203 2696 1347 2790 procul·

147 2826 263 2901 dubio
298 2824 410 2897 verba
442 2820 685 2917 inscriptionis
720 2845 802 2917 quae
837 2823 989 2893 advocet
1023 2820 1179 2893 [eckius
1210 2833 1274 2895 out
1300 2823 1346 2894 nd

146 2970 290 3057 partem
321 2954 458 3050 templi,
484 2964 547 3026 aut
579 2954 694 3024 aedem
730 2953 912 3048 quandem
945 2954 993 3024 ab
1026 2976 1071 3025 eo
1106 2954 1201 3026 haud
1235 2952 1345 3053 longe

40 3062 79 3217 Γ,
144 3097 324 3163 remotam
352 3083 533 3177 respicere
560 3089 720 3176 possunt.
762 3079 937 3152 Plurade
960 3082 1028 3151 hac
1053 3105 1104 3166 re,
1130 3080 1168 3152 in
1193 3080 1345 3154 Miilleri

144 3214 401 3309 disputatione
418 3210 513 3282 infra
539 3210 667 3304 posite,
698 3209 833 3281 Lector
857 3207 1024 3303 reperiet
1075 3175 1159 3296 Quo
1174 3220 1347 3304 tempore
1385 3202 1390 3210 ’

45 3266 79 3345 'w
141 3346 396 3421 Athenienses
423 3342 604 3415 Minervae
631 3341 802 3435 templum
828 3340 1006 3411 aedificare
1029 3340 1219 3434 coeperint,
1247 3342 1343 3414 haud

139 3488 285 3552 notum.
328 3473 529 3548 Stusrtius³
549 3480 674 3544 contra
693 3470 876 3542 marmoris
900 3470 1013 3541 nostri
1039 3469 1146 3541 fidem
1172 3495 1246 3543 non
1270 3470 1340 3544 nisi

39 3572 82 3720 μ’
137 3612 230 3703 post
274 3602 416 3697 Olymp.
460 3616 606 3683 xcrrns}
647 3598 831 3691 inceptum
875 3595 1012 3679 statuit,
1042 3588 1125 3667 eum
1161 3622 1206 3670 eo
1242 3623 1341 3671 nnno

69 3800 88 3857 r?
136 3734 333 3806 incensum
358 3753 438 3803 esse
461 3727 633 3822 templum
664 3727 843 3822 quoddam
871 3723 1052 3796 Minervre
1075 3728 1193 3798 tradet
1210 3728 1340 3800 Xeno·

67 3862 282 3989 p⁴Pb⁰¹¹¹
318 3862 414 3958 quod
445 3859 503 3929 itte
531 3868 634 3929 vetus
667 3856 837 3951 templum
865 3853 1046 3926 Minervae
1075 3852 1231 3930 Poiindis
1259 3880 1338 3928 esse

39 3999 46 4011 ’
67 3939 300 4069 ircensuit.
327 3990 613 4084 Xenophontem
628 3989 685 4059 hic
704 3988 1000 4081 Hecatompedon
1020 4010 1197 4081 respicere
1209 3997 1338 4082 putent

41 4154 64 4197 ι
43 4124 352 4228 ,ιιὶΝιΙροΙίιιι
377 4133 414 4195 et
432 4119 658 4193 Wilkinsius
710 4117 868 4215 [eckius
897 4128 1023 4188 contre
1053 4118 1088 4189 in
1119 4116 1178 4187 illo
1206 4114 1335 4190 Xeno·

39 4268 42 4299 Ι
58 4309 98 4369 ·ἱ
180 4317 190 4348 ¹
215 4314 264 4371 Ct'.
279 4314 409 4371 Creuzcr.
421 4308 580 4387 Symbolik·
597 4309 635 4365 ll·
646 4314 714 4372 730·
805 4310 818 4340 ⁸
838 4308 943 4366 5¹⁰²st
958 4310 1003 4365 ”bi
1016 4328 1109 4383 suiffi*-
1392 4376 1397 4383 ·

93 4412 97 4422 ι
243 4415 254 4431 ι
806 4400 913 4454 ‘Xem
938 4398 1016 4455 Heli.
1036 4401 1059 4456 1.
1083 4399 1112 4459 6.
1154 4400 1202 4460 Cf.
1228 4422 1336 4479 quoque

768 4489 890 4545 nobilem
902 4492 994 4546 virum
1015 4490 1119 4549 Comit.
1133 4494 1279 4553 Aberdeeu
1301 4496 1335 4550 de

769 4582 925 4638 Architect.
939 4602 967 4656 p.
985 4582 1050 4649 167.
1064 4585 1203 4657 (london.
1219 4591 1318 4661 1⁸22.)
