3250 5350
186 448 315 513 lusca.
337 446 447 528 Vlll.]
748 460 815 537 171

185 618 370 693 elevarent
384 622 409 707 ¹,
452 620 567 695 Attici
609 646 683 697 non
721 624 979 711 adhibuerunt,
1023 648 1232 725 quanquam
1268 624 1376 697 lones

183 747 228 819 iie
257 750 363 821 etiam
392 752 427 823 in
451 752 549 847 spira
574 754 764 853 Atticurge
790 755 915 849 templi
941 754 1028 828 Teii
1053 755 1109 828 usi
1130 754 1277 857 sunt².'’

256 902 282 933 “
297 893 442 987 scapus
459 900 571 991 (σῶμα
585 898 701 990 κίονος)
717 898 861 971 striatas
879 910 934 971 est
956 899 1019 986 ita,
1040 910 1082 973 ut
1101 900 1233 998 striges
1250 908 1377 972 exacte

177 1022 228 1095 ad
254 1022 428 1095 circinum
447 1024 668 1125 dimidiatam
691 1038 884 1114 excavata,
905 1027 1004 1101 strioe
1024 1038 1146 1102 autem
1164 1026 1240 1100 sive
1262 1025 1377 1123 virgae

180 1160 378 1245 pertenues
397 1161 435 1223 et
460 1152 571 1225 eriles
595 1154 697 1225 factae
720 1154 813 1229 sint:
844 1156 1023 1253 quaejam
1049 1153 1259 1226 architectis
1273 1150 1379 1225 Teiia

180 1277 291 1375 paulo
307 1278 452 1351 latiores
469 1280 589 1375 iacere
615 1278 727 1353 risum
745 1283 840 1360 est³.
884 1281 958 1353 Sed
975 1281 1196 1354 tenuissimae
1215 1276 1375 1352 omnium

182 1406 222 1477 iu
239 1408 318 1479 tede
335 1406 471 1492 lliasea,
494 1420 536 1481 ut
553 1409 719 1483 strictura
733 1411 810 1485 fere
829 1397 965 1484 Doric'a
982 1409 1204 1484 rideatur‘.'’

260 1556 286 1591 “
303 1547 556 1644 Capitulomm
580 1554 672 1633 ratio
698 1555 804 1651 plane
837 1566 894 1627 eat
916 1553 1110 1652 singularia
1141 1575 1260 1649 neque
1288 1550 1376 1626 alias

181 1678 300 1753 obvia.
352 1678 479 1754 Habet
512 1681 620 1767 enim,
658 1706 741 1794 quae
774 1683 906 1758 ceteris
941 1682 1181 1759 monumentis
1216 1684 1374 1767 desunt;

182 1825 283 1888 caret
309 1816 504 1905 nonnuliis,
532 1839 613 1911 quae
649 1817 686 1889 in
719 1816 820 1889 hisce
849 1829 1002 1890 exstant.
1053 1817 1201 1890 Abacuc
1221 1816 1377 1911 primum

183 1948 392 2042 simpliciter
421 1959 477 2021 est
499 1948 658 2034 simatus,
684 1960 721 2021 et
751 1947 953 2034 conchulis,
979 1970 1069 2043 quas
1099 1942 1222 2017 Graeci
1250 1944 1378 2040 xdhxae

185 2082 382 2153 dixerunt⁰
407 2090 566 2153 umatus.
619 2078 781 2174 Simplex
809 2077 869 2151 hic
898 2077 1011 2175 magis
1039 2076 1207 2173 placebat
1236 2074 1375 2163 Atticis,

184 2234 291 2309 quam
329 2212 547 2307 compositus
579 2234 600 2283 e
636 2212 774 2307 quadra
812 2219 850 2280 et
882 2207 1049 2305 cymatio,
1084 2207 1228 2302 qualem
1262 2204 1380 2277 archi-

179 2348 267 2421 tecti
303 2348 460 2431 Romani
499 2345 656 2441 amplexi
696 2357 788 2431 sunt,
828 2367 1036 2441 quanquam
1077 2344 1184 2415 etiam
1218 2345 1257 2418 in
1297 2345 1377 2415 aede

182 2476 377 2573 Didymaea
412 2486 448 2546 et
480 2472 646 2547 Prienaea
679 2471 842 2565 simplice
873 2470 930 2541 illa
962 2469 1101 2543 ratione
1135 2469 1252 2540 factus
1287 2478 1376 2539 erat.

181 2606 338 2680 Conalis
365 2606 460 2679 inter
495 2604 633 2678 volutas
664 2600 768 2675 latior
801 2600 987 2694 aliquanto
1019 2622 1127 2695 quam
1161 2620 1240 2669 esse
1272 2598 1377 2686 solet,

177 2759 302 2833 neque
332 2735 438 2808 rectis
467 2745 504 2805 et
537 2729 713 2828 parallelis
752 2727 858 2801 lineis
890 2726 1051 2824 cingitur
1081 2727 1145 2798 sed
1179 2724 1372 2798 curvatia⁶.

176 2870 235 2941 Ea
256 2871 375 2966 ligura
390 2866 497 2941 etiam
522 2865 559 2937 in
578 2866 657 2937 aede
685 2863 822 2948 lliasea,
849 2860 954 2932 simili
971 2859 1117 2933 Prienae
1139 2860 1372 2933 observatur:

174 3001 243 3072 sed
261 3023 285 3069 a
298 2997 480 3094 plerisque
495 2993 712 3080 architectis,
736 2992 844 3064 etiam
859 2988 1047 3077 Romanis,
1074 2991 1211 3088 rejecta
1225 3014 1270 3062 ea
1287 2989 1373 3062 est.”

254 3143 387 3233 “Quae
432 3165 453 3213 e
492 3138 620 3211 volutis
666 3137 754 3207 alias
795 3133 987 3228 provenire
1028 3131 1196 3205 videntur
1242 3131 1372 3203 helicae

175 3279 253 3352 sive
289 3274 464 3371 palmites,
500 3271 565 3342 has
603 3267 711 3340 Attici
750 3247 937 3337 architecti
971 3261 1137 3336 consulto
1168 3261 1371 3360 neglexisse

173 3407 366 3483 videntur:
404 3423 486 3471 cum
518 3397 597 3494 jam
643 3393 681 3466 in
726 3389 858 3485 templo
903 3387 1029 3472 llisseo
1073 3411 1133 3459 eas
1177 3387 1368 3460 admodum

178 3539 331 3635 exiguas
356 3530 561 3604 finxerint.''

219 3822 228 3852 ¹
251 3815 358 3890 Sequor
370 3808 558 3866 definitionem
577 3803 747 3881 probabilem
838 3807 850 3838 ⁴
871 3801 948 3859 Strix
962 3811 1005 3858 est
1016 3801 1058 3858 tl.
1070 3809 1095 3856 l.
1110 3800 1180 3857 stria
1195 3798 1274 3859 ‚aad

178 3909 291 3972 Geuelli
307 3907 362 3964 litt.
383 3903 418 3962 ad
433 3901 595 3959 Vitruvium
609 3918 692 3972 exeg.
708 3898 749 3956 11.
839 3897 851 3929 ⁶
872 3897 1019 3972 inscriptio
1031 3899 1054 3967 ξ.
1069 3901 1099 3956 5.

176 4029 204 4084 p.
221 4013 273 4068 28·
378 4065 383 4072 ,
839 3991 917 4049 ‘At
931 3990 1012 4046 Hirr.
1027 3987 1226 4046 Architectura
1238 3985 1274 4039 ad
1287 3998 1368 4056 regu·

377 4139 383 4149 .
799 4085 859 4141 lam
873 4093 998 4142 veterum
1009 4101 1040 4156 p.
1055 4089 1105 4150 77.
1121 4078 1248 4138 canalem
1261 4076 1369 4133 huncce

217 4133 550 4215 '1⁰n’annq'1'nl'3‘
599 4191 604 4206 “
799 4180 958 4254 vituperat:
988 4195 1093 4245 vereor,
1115 4192 1150 4231 ne
1172 4173 1273 4246 inique,
1302 4190 1368 4229 cum

217 4287 230 4318 ³
251 4285 309 4343 Hic
326 4283 402 4340 enim
422 4279 492 4338 strix
507 4283 551 4334 est
563 4275 661 4333 t“.15.
681 4275 750 4330 stria
799 4275 897 4332 Attica
918 4271 1104 4328 architectura
1126 4269 1161 4324 ad
1179 4269 1289 4342 regulas
1307 4267 1372 4324 vit·

179 4385 223 4444 1“.
244 4383 274 4439 in
298 4379 402 4454 templo
423 4375 548 4432 Prienaee
568 4372 612 4431 tl.
622 4376 711 4439 95-.
721 4373 749 4436 9.
801 4366 873 4423 ruvii
899 4367 935 4420 ex
959 4363 1137 4436 Hermogene
1159 4361 1258 4419 ductas
1279 4359 1369 4438 (Hirt.

176 4477 208 4533 ia
224 4473 378 4548 Didymaeo
393 4469 435 4536 7“.
445 4465 561 4526 8.-1“.
570 4467 618 4522 55.
803 4479 832 4537 p.
847 4458 911 4533 76.)
923 4477 979 4515 non
991 4458 1026 4515 sit
1039 4457 1184 4533 exigenda.
