3250 5350
150 468 280 533 Iuscn.
305 464 416 543 v111.]
747 476 813 533 201

147 660 168 687 '
197 668 241 718 111
261 648 360 743 ped„
384 671 514 721 crassae
531 672 555 721 v
572 650 719 745 palmas,
746 647 921 746 laevigata
938 645 1018 719 sine
1035 644 1228 742 sculptura.

211 780 257 863 ‘V
311 778 472 853 Aliarum
487 780 511 869 ¹,
527 780 806 878 magnitudinis*
828 780 1002 878 ejusdem,
1028 775 1173 874 cymatii
1188 786 1224 848 et
1239 784 1350 847 astra-

147 908 246 1007 gali³
266 908 455 1005 utriusque
472 910 570 982 haud
584 910 672 983 secti
687 918 791 983 erant
805 910 917 1005 pedes
934 919 1101 1006 quatuor.

229 1042 269 1115 ll
319 1042 477 1117 Aliarum

226 1179 336 1252 Haud
354 1180 443 1253 secti
462 1188 567 1253 erant
591 1178 735 1277 cymatii
754 1178 866 1273 pedes
884 1186 1050 1275 quatuor,
1077 1177 1247 1276 astragali
1263 1200 1349 1255 vero

148 1325 235 1387 octo
254 1313 378 1407 pedes.

227 1447 244 1519 Ι
297 1443 399 1518 Alius

224 1572 382 1670 Cymatii
407 1572 596 1669 sesquipes
622 1572 719 1644 haud
746 1581 866 1643 sectus
900 1579 966 1657 est,
991 1571 1162 1669 astragali
1193 1580 1350 1666 quatuor

149 1704 275 1799 pedes.

230 1838 247 1908 l
300 1836 380 1908 Alia

229 1974 424 2046 Elaborata
440 1983 495 2046 est
513 1975 610 2071 quod
626 1971 891 2069 laevigationem
908 1973 1039 2045 attinet
1049 2001 1060 2059 ;
1097 1971 1242 2069 cymatii
1261 1994 1349 2045 vero

151 2104 252 2176 haud
273 2102 446 2177 elaborati
475 2114 559 2177 sunt
575 2128 646 2177 sex·
657 2106 768 2199 pedes
793 2127 875 2175 curn
893 2103 1051 2192 dimidio,
1075 2101 1246 2203 astragali
1267 2112 1349 2175 octo

152 2234 264 2329 pedes

229 2362 288 2436 ΙΙΙ
339 2364 513 2446 Aliarum,

151 2645 264 2698 tantum
280 2637 337 2694 tab.
355 2654 463 2695 xxrrr.
477 2647 505 2698 4.
520 2655 542 2694 s.
565 2634 728 2694 Crassitudo
780 2654 842 2693 ruv.
856 2635 905 2697 IV.
921 2640 948 2696 l.
966 2634 1139 2713 astragalum
1158 2637 1267 2714 proprie
1286 2656 1348 2698 esse

152 2752 252 2792 samm
277 2731 396 2788 traditur
419 2751 447 2806 p.
476 2739 502 2790 l.
526 2737 556 2789 3.
599 2733 727 2790 Stuartus
778 2733 859 2789 basin
884 2731 1022 2790 columnae
1049 2743 1137 2807 notat,
1164 2736 1237 2812 quod
1264 2756 1349 2814 quare

152 2831 200 2906 qui
235 2827 346 2904 quidem
382 2845 471 2903 pauca
501 2847 599 2885 earum
629 2828 729 2884 rudera
779 2830 880 2888 dixerit
903 2831 976 2890 haud
1001 2830 1135 2906 intelligo.
1177 2833 1256 2891 Idem
1280 2834 1348 2892 Cal-

151 2923 304 3000 conspsxit
337 2921 386 2996 (cs.
423 2921 465 2979 St.
498 2923 554 2978 tab.
594 2922 646 2996 ll.)
678 2921 728 2978 vix
778 2923 902 2982 lixanum
918 2928 1048 2985 Athenaei
1059 2927 1098 2986 V.
1115 2945 1142 3004 p.
1157 2935 1226 2997 293.
1243 2930 1348 3004 (debuit

152 3019 234 3096 pedis
249 3019 424 3076 altitudinem
436 3017 467 3072 iis
483 3017 645 3091 assignavit.
671 3017 726 3076 Sed
777 3032 873 3080 autem
890 3021 971 3097 206.)
984 3023 1137 3098 astragalus
1150 3025 1249 3082 Graes
1260 3051 1350 3084 cros·

151 3135 253 3174 vereor
267 3135 347 3173 ussa
361 3113 443 3172 nimis
457 3116 618 3190 exiguasit,
653 3113 727 3173 Vide
777 3116 872 3175 idanus
895 3120 1036 3194 appellare
1063 3121 1181 3190 notavit,
1205 3122 1240 3177 ad
1264 3141 1347 3198 quern

152 3211 261 3270 Clarke
274 3211 330 3268 tab.
343 3209 413 3270 XV.
427 3219 456 3266 et
467 3208 582 3268 Daltoni
595 3210 725 3267 llluseum
775 3212 871 3271 locum
892 3216 933 3273 ita
951 3217 1231 3292 Schweighaeusems.
1264 3227 1285 3253 ‘¹
1296 3221 1317 3275 F
1320 3239 1350 3275 us

151 3331 182 3367 n.
202 3307 266 3376 193⁹
343 3292 355 3314 ⁰
489 3313 495 3326 ’
776 3320 857 3372 erunt
880 3309 1028 3371 orro'vlvnor
1051 3312 1110 3369 sive
1136 3313 1268 3369 certelroe
1292 3314 1349 3370 sin-

197 3407 362 3487 ¹'Errpus.
405 3405 527 3462 Subaudi
550 3410 659 3478 γείσων,
684 3405 727 3482 (et
777 3407 850 3482 gulae
876 3418 968 3485 partes
996 3427 1012 3464 e
1043 3407 1143 3484 quibus
1172 3409 1349 3484 componitur

152 3504 196 3562 sic
210 3502 326 3580 ubique)
343 3499 458 3558 mutatis
473 3500 622 3560 mutandis·
776 3527 877 3584 scapus
899 3508 1046 3576 columuae,
1067 3527 1132 3565 cum
1150 3526 1205 3564 non
1223 3518 1266 3565 est
1287 3528 1350 3582 per·

197 3605 208 3636 ²
240 3601 278 3656 ro*
304 3597 400 3656 αὐτόν.
448 3597 553 3656 Nescio
589 3616 625 3654 an
661 3597 727 3654 alibi
777 3603 902 3675 petuus.'’
954 3601 1082 3668 Quorum
1111 3603 1259 3658 verborum
1288 3621 1348 3659 seu-

152 3699 217 3756 haec
245 3695 383 3770 scriptura
409 3714 459 3769 pro
486 3691 592 3750 ταντόν
619 3692 727 3764 (Attice
776 3717 840 3754 snm
863 3697 938 3754 haud
967 3697 1056 3771 capio.
1098 3696 1172 3752 Cum
1200 3716 1284 3772 supra
1316 3700 1348 3757 d-

152 3813 207 3871 pro
228 3795 267 3850 τὸ
285 3789 369 3862 αὐτό)
390 3801 527 3849 occurrat.
570 3791 630 3866 Ego
651 3799 727 3847 carte
777 3791 942 3868 στρωγόλου
959 3788 1096 3870 ἐκατέρου
1121 3791 1240 3864 dicatur,
1262 3803 1351 3850 astra·

151 3909 212 3947 non
226 3887 295 3944 uidi.
339 3887 384 3943 Cf.
399 3888 502 3945 Thom.
518 3886 598 3960 Mag.
613 3905 640 3961 p.
658 3891 726 3946 834.
777 3888 874 3964 gaium
892 3908 956 3946 cum
976 3890 1004 3946 in
1027 3907 1139 3945 summa
1159 3897 1218 3945 turn
1241 3890 1269 3944 in
1289 3888 1350 3943 ima

154 3987 255 4046 Maitt.
269 4005 296 4060 p.
311 3989 360 4050 37.
776 3984 855 4058 scapi
876 3993 954 4059 parte
971 3984 1056 4042 fuisse
1076 3983 1208 4041 innuitur.
1248 3983 1348 4037 Astra·

196 4081 208 4114 ³
234 4077 432 4158 ἀστράγαλον.
508 4085 527 4110 “
541 4078 725 4156 Astragalunr
776 4078 873 4155 galum
903 4097 969 4135 vero
1005 4099 1125 4152 parvum
1157 4088 1249 4150 torum
1287 4094 1347 4134 esse

151 4196 222 4236 curn
239 4175 414 4254 cymatioin
436 4175 569 4249 superiori
590 4174 727 4234 columnae
777 4174 860 4232 hodie
880 4173 975 4230 dicunt
998 4174 1163 4234 Architecti.

150 4285 184 4334 et
209 4271 325 4348 capituli
353 4279 431 4346 parte
454 4283 612 4334 memorant
637 4272 729 4329 archi·
817 4269 882 4326 ‘In
900 4267 991 4344 lapide
1009 4270 1137 4327 scribitur
1158 4268 1345 4344 ATMETO,

149 4370 236 4442 tecti,
256 4369 305 4426 sed
327 4367 498 4444 astragalum
515 4364 600 4424 etiarn
615 4367 644 4423 in
669 4364 728 4422 basi
777 4363 946 4440 negligentia
968 4365 1108 4441 scriptoris
1128 4363 1266 4425 elemento
1286 4366 1347 4424 lota

150 4465 324 4528 columnae.''
367 4463 528 4524 Schneider.
547 4461 594 4538 qui
608 4462 643 4519 ad
664 4460 728 4518 Vit·
777 4462 892 4522 omisso.
