3250 5350
106 521 111 531 “
139 509 270 575 Inuca.
296 506 357 586 ll.]
718 515 763 576 ⁶5

140 685 236 758 tur¹'
249 695 517 758 reeteceuseret
526 684 552 772 ¹,
577 688 730 782 pessime
760 696 883 760 autem
908 711 1025 786 eaque
1051 713 1122 788 qua
1142 691 1234 765 solet
1259 713 1337 764 esse

140 821 362 908 temeritate,
389 821 577 895 marmoris
602 821 705 894 incisi
735 821 846 894 nihilo
872 819 983 918 pluris
1011 847 1116 921 quam
1143 821 1225 896 libri
1252 819 1336 894 MS.

143 954 254 1026 fidem
280 955 475 1044 aestimans,
497 976 604 1027 ruces
620 955 640 1026 ὁ
656 985 699 1025 τε
713 965 799 1027 ante
819 951 945 1052 ανδρως
972 953 1151 1053 interponi
1171 953 1336 1054 juberet)

143 1092 247 1154 certo
279 1085 414 1156 certius
431 1095 487 1157 sst
520 1085 616 1157 hane
649 1109 773 1170 vocem
810 1110 892 1158 curn
926 1087 1077 1162 articulo
1109 1089 1338 1186 conjunctam

144 1216 244 1287 haud
277 1215 353 1286 alio
390 1217 496 1289 modu
528 1219 624 1313 apud
659 1217 790 1291 AEoles
833 1217 942 1292 scribi
984 1243 1104 1315 posse.
1156 1220 1339 1294 Articulus

146 1344 243 1417 enim
269 1345 309 1416 in
327 1347 541 1444 antiquioris
563 1359 660 1422 notae
682 1349 919 1422 marmoribus
937 1373 1002 1422 sua
1020 1374 1102 1422 curn
1121 1373 1208 1423 voce
1223 1349 1338 1422 crasin

145 1477 344 1572 taeplsslme
361 1477 468 1551 efficii
486 1476 536 1551 lla
549 1488 590 1550 ul
606 1481 625 1550 ὁ
641 1475 779 1577 derlpsut,
801 1475 963 1576 Havdptur
980 1477 1188 1552 scribatur³.
1216 1478 1338 1552 AEolet

145 1614 269 1677 autem
293 1606 484 1702 aspiratam
509 1603 824 1704 haud'usurpisse
850 1609 1016 1681 omnibus
1043 1613 1204 1680 notum⁴.
1254 1605 1339 1680 Nec

145 1736 252 1808 aliter
278 1735 356 1808 viro
381 1737 589 1810 doctissimo
614 1738 774 1813 Thomte
802 1739 897 1813 llidd
924 1741 1036 1814 risum
1064 1750 1117 1812 est
1128 1740 1150 1811 ⁵.

220 1868 385 1941 Dawesii
414 1871 685 1943 emendationes
716 1871 848 1969 quibus
881 1871 960 1944 haec
993 1879 1131 1970 anevpa'
1152 1871 1261 1946 verba
1294 1873 1340 1945 ad

144 2001 338 2075 Seuarium
377 2001 578 2075 lumbicum
621 2003 667 2096 (si
706 2002 787 2076 Diis
826 2004 958 2100 placet)
995 2005 1083 2076 mira
1117 2006 1269 2102 quadarn
1305 2007 1339 2080 vi

144 2143 315 2240 redigere
341 2153 490 2215 conatus
512 2151 576 2224 est,
603 2142 720 2215 sciens
744 2142 869 2217 volens
889 2152 1075 2239 pretereo.
1129 2141 1341 2218 Bentleius⁶

146 2274 293 2372 quidem
324 2273 376 2344 nil
398 2273 560 2359 mutavit,
584 2276 695 2348 verba
720 2286 842 2348 autem
867 2276 918 2348 uti
942 2277 978 2347 in
1006 2298 1181 2348 marmore
1208 2301 1340 2374 reprae-

145 2414 347 2491 tentantur,
368 2425 450 2476 cum
470 2405 582 2478 'metri
601 2406 750 2478 lambici
767 2406 869 2507 leges
892 2419 978 2480 ante
999 2407 1199 2481 Porsonum
1220 2409 1339 2482 minus

146 2547 243 2608 uotae
278 2545 412 2622 essent,
448 2560 575 2608 verum
611 2536 802 2610 Senarium
845 2535 986 2610 efficere
1032 2536 1186 2632 putavit.
1245 2540 1339 2610 Cum

180 2789 189 2820 ¹
213 2785 312 2842 Aliter
337 2794 432 2843 tamen
454 2788 582 2864 judicare
608 2789 719 2847 videtur
770 2794 943 2868 “supersint
966 2792 1141 2868 vestigiaex
1163 2790 1261 2868 quibus
1281 2793 1339 2868 ejus

147 2882 319 2941 Doederlein.
334 2883 417 2956 Spee.
429 2885 516 2959 Soph.
530 2905 558 2959 p.
571 2891 619 2944 50.
770 2896 788 2923 “
799 2888 886 2947 literar
909 2906 989 2947 usum
1017 2886 1099 2943 latius
1121 2886 1240 2962 potuisse
1262 2887 1341 2945 iutel-

179 2981 278 3038 ’Hoc
293 2988 457 3053 argumento
470 2982 609 3056 praecipue
623 2977 718 3050 fretus,
767 2992 786 3019 “
802 2984 921 3058 ligatur;
955 3002 1041 3059 neque
1064 2984 1132 3059 ulla,
1165 3002 1211 3040 me
1236 2984 1338 3059 judice,

146 3074 355 3151 ineruptionem
380 3076 491 3133 AEolica
516 3076 635 3134 dialecto
656 3096 720 3134 con·
767 3090 785 3119 ’ί
799 3084 871 3141 ratio
903 3084 1055 3161 excogitari
1087 3084 1194 3159 poterit,
1235 3103 1284 3141 eur
1311 3085 1339 3141 iu

146 3172 280 3246 scriptam
300 3190 362 3229 ⁸8³0
380 3180 457 3247 Ρῦῐθ·
500 3172 583 3241 Quod
604 3172 651 3250 qui
672 3191 720 3229 1¹0·
768 3189 787 3217 ‘⁶
801 3181 893 3239 insula
918 3181 991 3238 Delo
1015 3180 1123 3241 AEoliea
1149 3184 1271 3241 maxims
1297 3182 1339 3239 in-

146 3280 218 3344 gant,
247 3269 344 3327 seriori
375 3287 409 3325 ea
438 3278 520 3327 aetate
555 3288 610 3345 qua
641 3268 723 3344 spiri·
767 3284 787 3313 “
799 3276 914 3351 scriptio
946 3276 983 3333 sit
1008 3276 1106 3350 posita,
1134 3278 1155 3335 si
1185 3276 1338 3353 prasertim

146 3373 187 3421 tus
208 3381 325 3439 semper
350 3362 470 3421 omissus
494 3373 539 3422 est
564 3364 718 3439 inscriptio·
768 3372 790 3406 “
803 3371 865 3428 haec
879 3378 1003 3428 suntuna
1017 3370 1119 3428 Naxiis
1137 3371 1230 3430 dicata
1252 3368 1341 3443 luerit,

145 3479 205 3517 uem
233 3458 359 3535 positam
379 3475 441 3515 asse
464 3457 643 3530 confirmant,
670 3460 718 3515 ob-
768 3474 786 3502 “
801 3467 902 3525 Ionicae
936 3465 1025 3542 gentis
1050 3466 1178 3541 populo.''
1230 3466 1339 3525 ludicat

144 3554 183 3614 liti
192 3557 320 3633 quidem,
331 3563 361 3611 ut
369 3554 440 3616 mihi
448 3554 568 3626 videtur,
579 3565 714 3631 quantam
764 3564 875 3621 Lector.

145 3669 199 3725 prae
220 3669 253 3707 se
275 3655 444 3707 vetustatem
460 3646 604 3706 literarum
626 3649 717 3706 forma
794 3656 848 3715 'ln
861 3658 1144 3735 SigeoMarmore‘O
1152 3658 1339 3717 ΑΙΣΟΠΟΣ

143 3744 220 3814 serat,
233 3752 358 3818 etquam
367 3740 519 3817 longinqua
531 3751 614 3799 aetate
623 3742 718 3799 inum·
767 3752 800 3809 fit
826 3752 1049 3824 ΗΑΙΣΟΓΟΣ,
1077 3752 1133 3809 &c.
1163 3752 1339 3811 D'Orvillius

144 3839 221 3896 uibus
235 3837 366 3902 dialectis
379 3846 481 3911 praeter
491 3836 719 3914 ffiolictmsslque
768 3856 862 3906 autem
877 3848 961 3923 (quod
976 3850 1040 3924 jure
1055 3846 1176 3921 mireris)
1197 3849 1307 3907 literam
1322 3876 1339 3907 ο

146 3937 312 4007 uoeoucam,
334 3934 490 4007 Digamma
511 3934 647 3993 omissum
671 3936 716 3995 sit.
766 3944 801 4001 ab
816 3942 894 4000 initio
912 3943 1085 4017 Epigraphes
1105 3944 1290 4000 revocandam
1311 3953 1340 4002 et

146 4030 217 4088 Meae
224 4038 324 4089 autem
339 4028 483 4086 tentessfiae
498 4028 614 4087 minime
622 4048 717 4087 assen—
766 4057 831 4095 eum
852 4036 969 4116 Avdpran
978 4039 1150 4113 jungendam
1166 4058 1225 4095 esse
1248 4046 1338 4114 putat.

146 4124 208 4184 titur
221 4123 379 4195 Bdclshius,
393 4124 472 4199 cujus
493 4126 579 4182 verba
597 4124 715 4200 profero.
767 4124 891 4195 Misielh
906 4136 976 4195 obs,
990 4138 1027 4195 V,
1043 4144 1071 4203 7,
1085 4136 1168 4194 Tom.
1190 4136 1213 4193 Ι,
1228 4157 1256 4212 p.
1271 4144 1320 4195 25.

148 4232 165 4259 “
179 4224 308 4281 Deliacae
343 4221 529 4297 inscriptionis
567 4222 716 4281 dialectum
805 4230 883 4292 «Οἱ.
909 4234 1002 4294 Fisch.
1021 4234 1056 4290 ad
1082 4233 1163 4291 Well.
1177 4232 1200 4290 l.
1223 4253 1250 4309 p.
1267 4240 1333 4302 139.

148 4325 166 4352 “
178 4318 361 4395 quamobrem
382 4316 443 4392 quis
470 4324 549 4392 putet
576 4317 715 4376 AEolicam
766 4328 874 4387 Marth,
888 4329 912 4387 1,
932 4350 959 4405 p,
975 4338 1023 4389 ρο,

150 4418 313 4486 “essenon
333 4431 474 4489 aserau-
517 4412 596 4469 Nam
608 4414 643 4471 ob
666 4412 719 4469 Di·
806 4423 886 4483 ‘ct
901 4425 988 4489 nnn
1004 4426 1163 4487 muana.
1178 4426 1247 4487 Mis.
1265 4426 1337 4486 ent.

150 4516 167 4544 ‘⁴
180 4528 294 4586 gamma
307 4508 420 4587 quidem
436 4506 576 4566 AEolieum
589 4507 618 4563 id
636 4508 717 4589 hodie
766 4542 794 4599 p,
809 4528 875 4582 132,

152 4610 171 4640 “
183 4624 263 4666 nemo
277 4605 414 4679 statuerit,
430 4624 516 4683 quum
535 4606 610 4664 haud
629 4623 718 4680 pauca
807 4617 819 4650 ⁶
839 4626 859 4655 ι·
869 4618 977 4677 Lattara
985 4616 1001 4644 ''
1014 4616 1061 4676 ubi
1070 4636 1162 4692 supra.
