3250 5350
146 481 271 548 lusca.
294 475 353 556 V.]
713 485 783 562 119
874 543 881 560 ,

218 647 265 723 L.
293 663 324 721 l.
370 647 639 733 Fourmontius,
676 649 858 722 adfinem
885 645 1125 744 hujusiinere
1149 648 1338 745 scripserat

145 785 507 859 ΜΝΕΣΙΘΕΟΣΣΕ.
562 777 725 850 Alterum
754 777 879 875 Sigma
903 777 1031 852 delevi.

218 907 264 980 L.
284 915 322 994 7.
364 907 415 976 καὶ
442 906 489 974 τὰ
513 905 550 976 ἐκ
578 911 639 988 τῆς
664 902 801 990 δεκάτης
825 901 958 978 r'wddu
986 909 1109 1006 πραθῇ.
1160 904 1338 994 Quoenam

141 1032 268 1119 &roim
284 1034 344 1106 hie
361 1033 546 1120 innuatur,
569 1033 666 1106 haud
684 1034 788 1110 facile
810 1033 920 1107 dictu.
974 1033 1114 1119 Δεκάτῃ
1135 1032 1338 1130 Byzantina

142 1161 299 1252 primum
324 1159 382 1234 ΟΙ.
416 1181 509 1232 xcrr.
539 1169 576 1231 3.
604 1158 718 1231 soluta
751 1168 818 1244 est,
851 1157 916 1254 qui
948 1159 1067 1232 annus
1089 1168 1223 1231 nostrae
1249 1181 1338 1232 cou-

141 1287 323 1361 stitutioni
349 1288 519 1384 temporis
547 1279 775 1388 Epigraphes
803 1288 899 1360 haud
922 1287 1101 1361 convenit.
1155 1287 1338 1362 Biickhius

140 1439 252 1514 agros
268 1415 408 1512 sliquos
431 1440 453 1488 a
469 1415 656 1511 republica
672 1417 810 1488 decima
827 1425 929 1512 purte
948 1417 1077 1490 valoris
1094 1439 1173 1490 esse
1189 1417 1337 1504 locatos,

144 1525 357 1642 reditusque
379 1545 427 1617 ab
450 1544 492 1616 iis
517 1544 684 1617 omnibus
710 1544 911 1630 venientes,
937 1543 1172 1638 Redemptori
1196 1545 1339 1620 cuidam

144 1671 312 1744 venditos
338 1693 417 1744 esse
447 1671 643 1767 (πραθῆναι)
666 1679 777 1766 putat.
830 1669 906 1742 Re‘s
931 1670 1027 1742 haud
1049 1692 1136 1744 vero
1156 1670 1338 1758 absimilis,

145 1801 243 1874 nulla
276 1809 396 1874 autem
426 1800 641 1874 auctoritate
675 1799 812 1872 nititur.
866 1799 1001 1872 Postea
1031 1799 1165 1874 fallitur
1191 1803 1340 1876 omuino

145 1929 331 2002 Biickhius
363 1954 445 2003 cum
479 1929 519 2002 in
561 1952 650 2003 voce
690 1962 810 2002 τουτον
849 1953 993 2026 semper
1027 1929 1267 2028 dipthougum
1299 1933 1347 2007 in-

146 2060 385 2134 marmoribus
403 2071 580 2158 repertam
600 2083 678 2134 esse
693 2053 799 2132 dicat.
845 2058 945 2131 lnfra
959 2059 1057 2132 Sect.
1069 2060 1121 2133 11.
1136 2059 1251 2136 Inscr.
1271 2059 1338 2138 111.

142 2187 164 2258 l.
185 2202 245 2260 ll.
276 2189 451 2263 habemus
491 2197 682 2268 ΤΟΤΟΝ.
721 2188 1008 2268 Ι.12.ΤοΤο.

218 2313 317 2386 rna.
363 2322 467 2402 troz
489 2322 776 2391 retaxoura
801 2293 1102 2393 uorusrrr'vu.
1152 2317 1341 2398 Bekuerm

145 2447 203 2517 hic
233 2469 302 2540 pro
330 2457 630 2537 ΗΟΙΝἘΡΝΥΝ,
669 2453 905 2524 ΗΕΜΕΡΟΝ
933 2445 1033 2544 legit,
1068 2447 1218 2544 triginta
1241 2451 1342 2524 dies¹

146 2575 345 2673 respiciens
378 2578 472 2650 intra
506 2601 597 2675 quos
630 2575 786 2650 rationes
820 2575 922 2650 reddi
955 2575 1108 2648 Athenis
1139 2579 1338 2673 oportebat.

145 2703 255 2793 Quod
277 2706 307 2776 si
330 2730 453 2779 uerum
473 2706 532 2791 sit,
555 2704 809 2802 corrigendum
835 2704 929 2777 istud
952 2714 1074 2789 ΗοΣ;
1101 2705 1142 2783 ὠς
1157 2707 1340 2805 τριάκοντα

144 2814 272 2929 irreptio
298 2832 389 2904 nihil
416 2842 471 2905 est
501 2832 566 2904 nisi
598 2840 622 2871 “
637 2832 816 2907 Rationes
837 2834 1037 2907 reddantur
1057 2832 1155 2907 circu
1180 2835 1337 2932 triginta
1386 2848 1393 2857 ‘

144 2959 283 3033 editiore
308 2960 423 3032 dieat
482 2969 576 3039 ΕΣΟ
609 2961 730 3035 forsun
761 2964 958 3061 legendum
988 2975 1091 3061 putat
1118 2965 1338 3059 munium,
1486 2986 1492 2997 ’

147 3092 423 3189 Hermogenem
456 3094 645 3166 advocans.
698 3092 798 3167 ldem
831 3106 953 3169 monet
985 3099 1135 3170 eandem
1167 3122 1243 3173 rem
1276 3100 1342 3173 ali·

146 3220 296 3315 quando
341 3220 538 3317 significari
579 3221 678 3295 nulla
720 3222 898 3317 particula
937 3226 1132 3299 adhibita’.
1200 3227 1339 3301 Nescio

144 3361 270 3421 annon
305 3348 365 3421 hic
400 3350 594 3447 legendum
629 3362 712 3431 ΗΟΙ
737 3362 1020 3434 ΤΡΙΑΚΟΝΤΑ
1050 3366 1335 3435 ΗΟΙΡΕΡΝΥΝ

145 3480 212 3572 (sc.
241 3478 405 3576 legista
431 3488 469 3551 et
491 3479 674 3577 Euthyuae
703 3505 785 3556 cum
812 3486 1012 3581 Paredris).
1065 3488 1204 3561 Eodem
1232 3490 1338 3565 modo

143 3611 242 3685 infra
269 3611 411 3685 dicitur·
471 3612 570 3709 [lapsi
600 3611 633 3685 δὲ
660 3622 727 3687 τῶν
755 3618 807 3689 νῦν
831 3622 956 3703 ταμιῶν
978 3626 1032 3694 καὶ
1056 3628 1123 3695 τῶν
1146 3623 1338 3698 ἐπιστατῶν
1405 3632 1411 3646 “

142 3776 172 3814 κ.
190 3774 227 3813 τ.
244 3752 280 3813 λ.
309 3744 335 3813 oi
360 3748 414 3812 νῦν
439 3737 700 3839 διαχειρίζουσιν.
764 3744 926 3845 Logisiae
959 3760 1057 3823 cerie
1092 3752 1228 3836 decem,
1264 3752 1338 3828 Eu·

142 3866 250 3963 thyni
285 3886 390 3960 pares
421 3874 605 3952 numero‘,
636 3878 675 3939 et
702 3866 823 3940 forsan
856 3872 1006 3945 Paredri
1036 3898 1183 3970 quoque
1212 3877 1338 3951 decem

144 4001 263 4066 erant.
297 3990 484 4063 Praeterea
495 3990 642 4065 minime
660 3994 763 4067 rideo
781 4020 973 4091 quemnam
991 4002 1085 4075 intra
1101 4003 1250 4102 triginta
1262 4005 1338 4078 dies

144 4124 306 4197 rationes
342 4119 493 4192 reddere
529 4118 686 4218 legistis
720 4126 920 4218 oportuerit
926 4155 938 4213 ς
974 4139 1011 4201 et
1043 4130 1148 4203 nimis
1180 4157 1203 4204 a
1229 4133 1340 4207 ductu

142 4251 334 4325 literarum
351 4248 576 4321 abscedimus
601 4248 757 4346 legendo
778 4262 1025 4332 ΗΕΜΕΡΟΝ.

185 4460 194 4491 ²
218 4458 267 4516 Ci'.
283 4457 367 4515 Petit.
383 4455 451 4531 Leg.
465 4464 515 4513 att.
530 4476 558 4531 p.
571 4462 640 4523 309.
772 4460 882 4533 γόντυν
897 4470 934 4522 eir
955 4465 1007 4533 rtis
1032 4463 1161 4525 Ἠλιαίαν
1185 4471 1341 4549 τριάκοντα

183 4557 196 4588 ¹
218 4552 359 4629 Hermog.
374 4552 464 4633 Τεχν.
479 4554 550 4620 Ρητ.
565 4572 593 4628 p.
608 4556 658 4625 35,
674 4550 723 4614 36.
774 4558 884 4647 »ineptis

183 4648 196 4679 ³
220 4648 352 4713 Demoet.
365 4666 391 4708 c.
405 4648 477 4712 Mid.
489 4668 516 4725 p.
528 4655 598 4718 529.
627 4648 722 4709 'Eroa-
812 4645 823 4677 ⁴
844 4647 890 4710 Cf.
904 4647 1073 4723 Harpocrat.
1085 4670 1153 4712 vore
1164 4652 1295 4717 ’anm
