3250 5350
631 519 977 573 rnoruuorrsun.
1309 501 1393 573 lxvii

200 641 369 766 princeps
387 683 443 744 est
470 671 696 751 Paciaudius.
741 680 879 754 Omnes
902 683 939 754 in
961 685 1122 757 minutiis
1142 685 1272 780 prolixi
1296 697 1392 771 sunt,

196 811 310 895 atque
328 803 391 876 ubi
410 828 484 877 uua
508 807 642 906 pagina
665 835 756 907 opus
775 826 843 900 est,
868 816 995 888 decem
1024 815 1179 888 illinunt.
1222 816 1389 888 Attamen

197 957 243 1005 ea
281 946 337 1007 est
370 937 533 1009 doctrina
566 937 794 1030 Paciaudius,
829 955 870 1016 ut
895 967 1001 1016 nemo
1027 943 1103 1018 lere
1129 969 1173 1017 ex
1198 946 1277 1043 ejus
1301 945 1393 1018 libro

199 1065 367 1136 nonnihil
394 1089 466 1138 non
492 1067 666 1142 addiscat.

205 1221 208 1224 ·
274 1189 348 1263 Sed
379 1193 416 1264 in
443 1193 547 1266 ltalia
575 1197 706 1269 nobilis
730 1221 774 1270 ea
802 1199 1032 1294 Antiquarioe
1059 1199 1258 1296 disciplinae
1287 1199 1393 1294 cupi·

195 1317 293 1389 ditus
319 1319 417 1391 inest
442 1330 483 1392 ut
506 1319 717 1392 omniafere
739 1345 872 1420 magna
888 1325 975 1397 urbs
999 1349 1072 1397 non
1091 1336 1231 1398 tantum
1257 1323 1391 1398 Museo

194 1457 362 1536 ornetur,
389 1451 451 1522 sed
486 1451 593 1524 etiam
627 1475 719 1546 opus
747 1475 923 1526 marmora
946 1455 1069 1549 omnia
1093 1455 1130 1526 in
1163 1453 1297 1526 Museo
1325 1475 1391 1524 suo

194 1575 444 1671 complectens
472 1579 643 1651 emiserit.
712 1579 760 1652 Et
786 1593 962 1676 praeterea
997 1583 1065 1654 riri
1103 1580 1235 1654 eruditi
1264 1600 1391 1651 monu-
1502 1679 1509 1688 Ι

195 1716 322 1778 menta
359 1729 577 1806 congessere
608 1709 740 1803 quibus
780 1709 1018 1782 illustraretur
1053 1720 1214 1782 veterum
1247 1705 1388 1778 urbium

189 1837 357 1910 historia.
410 1837 468 1910 Ex
492 1850 647 1933 utroque
673 1861 763 1936 ergo
779 1861 919 1936 genere
947 1838 1099 1935 plurima
1116 1863 1228 1934 opera
1253 1848 1388 1910 extant.

187 1967 247 2038 lta
293 1965 475 2040 Sertorius
525 1968 679 2041 Ursatus
727 1967 971 2044 Monumenta
1010 1970 1207 2044 Patauina¹
1259 1969 1384 2055 edidit,

188 2097 336 2189 (Pater.
359 2093 485 2186 1642.)
532 2097 739 2172 Morisanus
758 2100 1015 2196 lnscriptiones
1029 2101 1229 2199 Rheginos,
1248 2099 1383 2172 Rivau-

185 2224 275 2297 tella
298 2235 336 2297 et
359 2226 545 2299 Ricolrius
568 2226 753 2302 Marmora
773 2227 1017 2305 Tauriuensia
1035 2233 1206 2328 (August.
1224 2228 1382 2302 Taurin.

191 2355 320 2448 1743.)
356 2355 399 2426 F.
411 2356 455 2427 A.
470 2356 664 2430 Zacharias
688 2359 876 2436 Marmora
900 2361 1121 2443 Salonituna,
1148 2359 1336 2456 Philippus
1360 2382 1383 2430 a

184 2488 314 2576 Turre
343 2489 586 2562 Monumenta
604 2493 736 2565 veleris
754 2493 867 2578 Antii,
895 2505 933 2566 et
950 2493 1198 2588 Antiquitates
1220 2490 1383 2585 Aquilei-

184 2639 307 2704 enses,
335 2615 393 2689 De
412 2617 495 2690 Vita
513 2619 756 2717 Antiquitates
785 2619 1067 2707 Beneventinas‚
1098 2618 1278 2692 Bertolius
1303 2619 1381 2691 An·

184 2746 252 2842 tiq.
286 2746 541 2842 Aquileienses
575 2747 700 2847 lingua
733 2750 859 2823 Italica
891 2748 1002 2856 (Ven.
1029 2752 1168 2839 ¹7³9l,
1204 2748 1382 2827 Malvaaia

185 2878 376 2951 Marmore
404 2878 572 2951 Felsinea
594 2879 746 2972 (Boron.
780 2876 919 2971 1690.),
946 2880 1097 2953 Gorius.
1121 2879 1381 2977 Inscriptiones

182 3002 337 3075 Graecas
355 3012 392 3073 et
406 3002 591 3076 Romanas
608 3004 644 3074 in
660 3003 816 3077 Etruriae
833 3003 984 3075 urbibus
1003 3014 1180 3091 extantes,
1198 3004 1379 3098 (Florent.

186 3136 588 3225 1727.173⁴.17t³.),
615 3132 788 3207 Norisius
815 3132 1042 3229 cenotaphia
1065 3133 1199 3209 Pisana
1210 3136 1237 3203 ².
1289 3135 1379 3207 Pro·

180 3267 282 3338 diere
301 3287 449 3359 quoque
468 3262 639 3335 Museum
660 3262 783 3337 Pisan.
802 3274 841 3336 et
855 3264 1014 3352 Currat„
1035 3264 1235 3335 Florentio.
1257 3262 1375 3353 (Flor.

182 3394 324 3485 1731),
352 3393 615 3488 Inscriptiones
647 3394 771 3467 Musei
803 3394 1014 3490 Capitolini,
1049 3417 1135 3466 cura
1168 3392 1378 3479 Guasehet

178 3522 360 3597 viscontii
388 3546 487 3608 cura,
515 3523 746 3621 magnificum
769 3548 856 3599 vere
877 3549 980 3621 opus,
1008 3523 1180 3596 Museum
1213 3521 1376 3597 PioCle-

178 3652 421 3738 mentinum³,
448 3654 511 3724 sed
545 3676 743 3749 perpaucas
774 3655 1025 3750 inscriptiones
1051 3676 1119 3725 nec
1150 3651 1227 3723 illas
1254 3650 1375 3748 magni

179 3780 360 3853 momenti
387 3780 586 3851 continens.
639 3778 735 3852 Haec
766 3783 888 3852 omnia
910 3803 1021 3875 opera
1044 3779 1204 3854 latinas.
1218 3780 1375 3874 plerum-

174 3909 256 4007 'que
291 3908 559 4015 inscriptiones,
590 3918 626 3982 et
658 3933 857 4005 perpaucas
890 3910 1040 3984 Graeem
1073 3906 1258 3984 exhibent.
1310 3907 1374 3979 ln-

216 4131 226 4163 ¹
252 4132 375 4191 Ursatus
387 4131 462 4189 aliud
480 4150 549 4207 opus
570 4132 604 4189 de
616 4132 753 4207 inscripti·
804 4152 890 4209 opera
900 4134 1024 4210 excipias
1036 4136 1083 4193 ael
1101 4136 1133 4192 in
1149 4134 1250 4192 Museo
1264 4134 1376 4195 Britan·

176 4230 276 4286 onibus
313 4226 451 4284 “Marmi
478 4226 611 4284 Eruditi”
644 4228 753 4285 Patavii
803 4230 986 4287 uiroextaut.

176 4318 394 4398 (n.u.1659.)
415 4321 508 4379 edidit
842 4321 908 4379 ’ln
936 4322 1016 4379 Gorii
1037 4340 1120 4395 opere
1138 4320 1261 4393 “Murei
1284 4321 1375 4377 Guar-

802 4434 882 4476 nacc.
923 4416 1054 4473 Monum.
1090 4412 1251 4471 illustrau’·
1283 4412 1370 4487 (Flor.

218 4506 230 4541 ²
253 4509 354 4568 Exhis
366 4510 555 4571 omuibusrix
568 4510 622 4570 duo
635 4511 658 4568 si
673 4508 753 4568 Gorii
805 4508 908 4585 1744.)
929 4526 983 4565 non
1004 4506 1056 4563 nisi
1078 4506 1198 4563 Etrusca
1216 4505 1318 4560 insunt
