3250 5350
696 885 1086 970 APPENDIX.

778 1145 1018 1160 *ωι-

809 1205 884 1280 Νο.
911 1209 976 1280 Vi.

803 1355 1015 1367 .......-,-,

597 1536 905 1614 lNSCRiPTlO
928 1533 1191 1612 POTIDAEA.

798 1751 852 1816 Cf.
877 1777 910 1836 p.
927 1760 996 1816 114.

324 1925 496 1994 Thierachii
514 1924 703 1990 Dissertatio
720 1947 758 1988 ex
776 1924 854 1988 Act.
874 1922 986 1988 Philol.
1006 1923 1135 1990 Monac.
1154 1924 1317 1990 Tom.11.
1336 1950 1372 2012 p.
1391 1937 1473 2002 399.

402 2113 498 2194 Con
519 2121 655 2188 Londini
674 2123 704 2186 in
725 2123 842 2186 Museo
861 2119 1027 2204 Eiginiano
1042 2144 1187 2194 versarer,
1214 2133 1246 2185 et
1262 2135 1376 2206 praeter
1391 2147 1474 2188 mar-

325 2247 422 2302 mora,
450 2247 520 2307 quae
554 2220 760 2284 illustrissima
785 2219 857 2282 ortis
886 2216 1043 2282 Phidiacae
1073 2221 1261 2283 documenta
1288 2223 1475 2302 ostendunt,

327 2321 421 2384 etiam
451 2319 571 2404 lapidea
596 2316 752 2382 literarum
780 2315 916 2380 versibus
939 2317 1092 2379 obductos
1121 2317 1242 2380 curiose
1262 2315 1474 2400 inspicerem,

324 2417 404 2482 inter
424 2417 502 2480 aiios
521 2437 571 2480 me
586 2415 719 2478 detinuit
742 2437 848 2477 caesus
868 2435 947 2476 unua
964 2426 995 2475 et
1021 2427 1190 2490 truncatus,
1218 2415 1306 2500 cujus
1324 2417 1475 2483 notitiam

321 2518 391 2602 jam
419 2513 546 2578 Porieiio
573 2535 768 2596 acceperam,
795 2509 914 2595 quippe
941 2508 995 2594 qui
1016 2509 1182 2574 duodecim
1201 2535 1345 2576 versuum
1372 2517 1476 2600 elegi·

327 2634 454 2677 acorum
473 2610 652 2696 fragmentis
669 2607 852 2675 memoriam
871 2606 1107 2673 Atheniensium
1124 2611 1163 2673 ed
1179 2609 1353 2675 Potidaeom
1368 2635 1476 2681 caeso·

326 2733 394 2775 rum
417 2711 607 2775 celebrabat.

402 2808 481 2871 Utar
498 2819 603 2870 autem
624 2807 683 2869 hac
700 2804 944 2889 opportunitate,
966 2802 1100 2888 primum
1119 2817 1152 2868 ut
1174 2808 1213 2869 de
1231 2807 1375 2884 consilio,
1406 2834 1478 2896 quo

323 2925 458 2967 marmor
480 2903 542 2965 hoc
570 2901 751 2987 inscriptum
781 2901 851 2980 tuit,
873 2904 911 2965 de
937 2914 1038 2978 aetate,
1061 2926 1154 2987 quam
1174 2894 1244 2988 ‘prae
1268 2929 1302 2968 ae
1332 2907 1406 2989 fert,
1431 2912 1475 2973 de

327 3003 411 3075 loco,
443 3023 507 3084 quo
533 2998 702 3077 inventum,
727 3002 767 3062 de
791 3001 903 3077 forma,
931 3021 993 3084 qua
1020 2997 1079 3063 fuit
1104 3000 1285 3087 priusquam
1310 3006 1477 3089 frangere-

327 3113 387 3176 tur,
408 3097 541 3184 denique
559 3101 599 3160 de
621 3096 842 3181 orthographia
862 3099 930 3182 ejus
948 3120 1047 3181 egam,
1073 3111 1146 3182 post
1164 3122 1236 3164 vero
1258 3116 1292 3163 ut
1315 3100 1477 3168 rationem

328 3195 440 3270 ineam,
467 3219 530 3281 que
552 3218 655 3259 versuo
679 3209 839 3259 truncatos
867 3208 960 3278 atque
983 3198 1102 3259 iuceroe
1128 3196 1336 3263 restituendos
1357 3201 1478 3265 existi—
1500 3242 1513 3254 -

328 3317 422 3358 mem.
473 3296 580 3357 Aede
605 3293 736 3357 coneilio
753 3292 892 3378 quidem,
919 3295 1001 3377 quod
1024 3292 1054 3356 io
1082 3292 1185 3378 lapide
1202 3294 1403 3363 inscribendo
1421 3324 1478 3363 se-

323 3390 413 3474 quuti
437 3404 519 3466 eunt,
547 3389 651 3472 ipaum
669 3388 859 3474 epigramma
884 3388 966 3452 ctare
993 3390 1141 3475 loquitur.
1193 3392 1359 3458 Habemus
1378 3420 1478 3463 versu

326 3486 348 3549 6
373 3498 479 3567 portua
499 3486 647 3551 Potidaere
665 3493 926 3553 [ΙΟΤΕΙΔΑΙΑΣ
952 3494 1087 3552 ΛΑΜΦΙ
1113 3490 1252 3555 ΠΥΛΑΣ
1272 3492 1304 3555 id
1327 3505 1376 3556 eet
1399 3496 1477 3562 Ilo-
1579 3556 1580 3569 ,

326 3572 468 3652 retdoior
484 3576 618 3673 γ’δμφὶ
631 3578 748 3663 πύλας,
774 3599 807 3649 et
821 3609 850 3645 v.
873 3593 920 3647 10.
939 3598 970 3648 et
989 3596 1022 3648 ll
1041 3586 1122 3651 filios
1138 3588 1390 3665 Atheniensium,
1414 3597 1477 3681 qui

328 3686 367 3746 ed
384 3682 557 3747 Potidaearu
575 3682 689 3747 mortui
707 3695 787 3745 aunt.
814 3687 979 3745 ΠΡΟΣΘΕ
1007 3689 1268 3751 ΠΟΤΕΙΔΑΙΑΣ
1290 3694 1370 3752 HOI
1396 3700 1480 3757 θΑ·

331 3786 421 3843 non
444 3786 602 3844 nnrnez
620 3786 841 3843 nennnron
863 3778 883 3842 i.
895 3804 923 3844 e.
942 3774 1070 3869 πρόσθε
1094 3774 1288 3853 Ποτειδαίας
1315 3782 1348 3849 ot
1371 3782 1484 3858 edm
1578 3816 1579 3890 p

329 3864 451 3943 Παῖδες
464 3870 644 3952 Ἀθηναίων.
694 3878 799 3955 Adde,
818 3879 901 3959 quod
920 3902 947 3941 v.
962 3887 994 3941 4.
1013 3878 1139 3945 victorin
1159 3882 1271 3946 virtute
1291 3896 1383 3967 parta
1407 3896 1482 3953 NI-

329 3982 414 4039 KEN
433 3980 702 4039 EYHOAEMOM
717 3974 739 4037 i.
753 3996 782 4037 e.
809 3972 912 4050 Νίκην
927 3968 1127 4057 αὖπόλεμομ,
1153 3982 1238 4064 quod
1256 4004 1287 4043 v.
1307 3992 1339 4051 7.
1359 3984 1483 4054 hostes

327 4071 485 4157 sepultura
506 4071 620 4136 conditi
646 4073 816 4136 EXOPON
843 4078 1011 4137 ΔΟΙΜΕΝ
1043 4078 1291 4142 ΕΧΟΣΙΤΑΦΟ
1320 4086 1490 4152 Meron:

328 4171 348 4232 i.
364 4193 392 4234 e.
409 4163 558 4257 Ἐχθρῶν
573 4158 599 4232 d
614 4166 645 4234 oi
660 4163 721 4245 udo
736 4158 852 4257 ἔχουσι
869 4163 983 4261 τάφου
1000 4165 1110 4260 udpor.
1137 4176 1270 4261 denique
1287 4181 1377 4263 quod
1398 4186 1485 4249 luc.

327 4280 377 4329 tur
404 4267 598 4331 Athenarum
625 4270 666 4331 do
695 4267 755 4331 iilia
783 4266 855 4331 viris
879 4284 1141 4335 commemoratur
1168 4278 1341 4339 ΑΝΔΡΑΣ
1368 4284 1488 4350 ΜΕΜ

326 4369 455 4427 nonrz
473 4370 589 4431 neue
605 4368 735 4428 noeer
752 4364 776 4427 i.
790 4388 820 4429 ο.
835 4354 978 4455 Ἄνδρα,
992 4363 1058 4445 μδμ
1080 4364 1179 4441 πόλις
1195 4359 1250 4449 ἥδε
1269 4371 1386 4455 ποθεῖ,
1414 4400 1492 4451 nee

327 4459 496 4548 quiequam
511 4462 578 4541 erit,
605 4464 690 4549 quod
707 4474 738 4529 te
754 4462 907 4533 incertum
921 4478 1035 4534 terrent.
1082 4468 1238 4539 Nimirum
1254 4472 1316 4539 hoc
1331 4496 1498 4549 mirmur
