3250 5350
601 495 941 546 Phouuuomsrtt.
1349 489 1371 540 V

170 649 265 722 tibus
283 651 413 722 hausta
435 659 546 746 atque
564 653 676 746 petita
704 653 743 726 in
768 677 881 726 unum
905 651 1001 725 haud
1029 649 1151 725 nimias
1177 653 1281 726 molis
1302 673 1374 725 nec

172 779 276 851 nimii
295 778 405 874 pretii
423 779 594 852 volumen
611 784 833 855 contraham.
884 785 1052 855 Attamen
1068 793 1108 854 ut
1123 783 1211 858 certi
1226 786 1374 881 quidam

172 911 264 982 fines
281 909 465 982 laboribus
482 911 800 999 constituerentur,
819 935 960 985 mecum
978 910 1087 983 statui
1106 924 1147 984 ut
1165 912 1312 986 nonnisi
1328 911 1375 984 ud

172 1037 362 1110 Euclidem
384 1037 604 1109 Archontem
625 1061 715 1132 opus
739 1041 987 1134 perducerem,
1006 1039 1064 1110 vel
1081 1062 1144 1112 eas
1163 1046 1304 1112 tantum
1321 1039 1377 1110 in-

171 1164 391 1259 scriptiones
416 1164 627 1262 adjicerem,
654 1189 750 1262 quae,
775 1167 976 1262 pastillum
1000 1190 1140 1240 summo
1163 1167 1375 1264 magistratu

174 1297 341 1368 functum
382 1295 543 1390 sculptoe,
584 1307 758 1370 vetustam
797 1297 875 1370 sere
910 1299 1203 1396 orthographiam
1240 1299 1376 1370 retinu-

174 1431 282 1516 erint,
298 1401 579 1500 'marmor'dico
608 1428 854 1542 Sandvicense
874 1451 956 1500 cum
979 1430 1103 1523 paucis
1123 1429 1215 1513 aliis,
1243 1452 1326 1524 quse
1346 1429 1376 1500 si

174 1561 397 1644 omitterem,
418 1581 509 1653 opus
532 1558 653 1632 tonan
677 1583 843 1632 mancum
864 1571 977 1655 atque
1001 1562 1164 1634 mutilum
1182 1561 1377 1634 videretur.

176 1687 454 1786 Orthographia
483 1688 629 1783 quidem
661 1711 744 1782 quas
774 1698 902 1785 postea
933 1689 1085 1763 invaluit
1113 1691 1209 1764 houd
1241 1691 1378 1787 ubique

175 1821 306 1892 eodem
329 1843 427 1891 anno
444 1818 597 1890 admissa
616 1829 690 1906 est;
721 1820 784 1892 sed
803 1843 899 1906 cum,
917 1819 1066 1892 Euclide
1084 1822 1272 1906 archonte,
1294 1843 1380 1893 auc·

175 1953 323 2023 toritate
342 1953 497 2046 quadam
523 1949 667 2045 publica
690 1948 847 2022 stabilita
872 1951 930 2036 sit,
954 1952 1047 2022 haud
1069 1951 1226 2047 ineptam
1247 1963 1378 2026 metam

176 2081 280 2152 illurn
319 2103 455 2151 annum
500 2081 600 2166 duni,
640 2081 702 2152 uhi
745 2081 840 2153 rivos
874 2081 1090 2154 clauderem.
1142 2081 1379 2154 Recentiores

177 2210 326 2307 quidem
342 2212 607 2306 inscriptiones,
619 2211 715 2283 haud
733 2233 840 2308 aeque
852 2236 896 2284 ac
911 2224 1074 2296 retustre,
1088 2213 1230 2286 Graecoe
1243 2213 1379 2312 liuguae

178 2343 351 2415 studiosis
376 2351 537 2438 prosunt,
565 2366 660 2428 cum,
687 2345 784 2440 quod
801 2343 1108 2444 orthographiam
1131 2345 1272 2431 attinet,
1298 2367 1380 2416 raro

178 2497 203 2543 a
226 2473 399 2544 librorum
426 2471 511 2542 MS.
542 2471 613 2542 lide
639 2481 676 2544 et
705 2473 847 2544 nonnisi
878 2473 915 2543 iu
943 2473 1044 2568 parri
1071 2473 1241 2544 momenti
1272 2473 1380 2546 rebus
1409 2455 1423 2466 ’

182 2604 385 2677 discedant.
430 2602 541 2675 Haud
559 2601 727 2697 equidem
746 2603 775 2675 is
793 2623 873 2675 sum
891 2603 954 2699 qui
970 2612 1095 2675 contra
1109 2601 1379 2697 inscriptionum

186 2734 430 2806 recentiorum
449 2732 638 2804 utilitatem
656 2754 832 2829 pugnem,
856 2730 886 2803 si
905 2753 981 2805 rem
1000 2732 1055 2807 rel
1074 2730 1293 2805 Historicam
1311 2732 1379 2819 rel,

186 2967 315 3024 addenda
343 2974 373 3021 ut
399 2982 497 3022 omnes
526 2961 683 3035 intelligant
709 2980 764 3036 qua
813 2960 903 3018 sintne
925 2960 1010 3030 lusus,
1043 2980 1079 3017 an
1104 2960 1210 3037 aliquid
1232 2961 1306 3032 serii,
1328 2962 1382 3019 illis

187 3059 317 3116 doctrina
343 3058 493 3115 instructus
521 3056 555 3111 ad
582 3056 643 3111 haec
673 3054 765 3111 studia
814 3055 861 3129 qui
882 3053 984 3111 talibus
1011 3055 1191 3126 delectantur,
1217 3056 1386 3131 perpenden-

188 3154 338 3209 accessen't
383 3150 566 3207 Muratorius.
628 3148 660 3203 ln
700 3154 767 3204 nota
816 3148 884 3203 dum
898 3146 1044 3221 relinquo?
1071 3148 1156 3204 Plura
1175 3147 1293 3221 adjicere
1310 3147 1384 3203 haud

189 3248 239 3307 illa
278 3248 456 3322 inscriptione
499 3244 679 3303 Noiateliana
720 3242 768 3299 vri-
817 3259 887 3315 opus
907 3248 961 3297 est.
1006 3236 1089 3305 Quod
1109 3238 1319 3312 inscriptionum
1336 3258 1385 3297 ex·

190 3365 237 3403 ccs
274 3342 564 3401 ΕΝΗΑΥΙΕΥΣΙΝ
597 3344 639 3398 ita
669 3339 767 3407 reddit,
818 3337 964 3411 scriptores
985 3335 1095 3402 attinet,
1114 3334 1257 3393 verissime
1279 3336 1388 3411 procul·

191 3440 257 3496 “In
283 3436 432 3495 maritimis
460 3435 682 3511 navigationibus
715 3432 767 3490 nisi
819 3429 901 3485 dubio
935 3426 1039 3484 Gorius
1073 3426 1114 3497 (in
1150 3426 1234 3485 Prael.
1265 3430 1386 3489 “lnsrr.

191 3533 230 3590 sit
249 3532 278 3587 in
298 3530 421 3589 Eunt·
464 3528 558 3585 Voces
575 3528 709 3594 ἐκκλησία
724 3550 769 3582 κν·
820 3522 917 3597 Autiq.
930 3522 960 3577 iu
974 3522 1067 3577 Etnrr.
1081 3522 1141 3577 urb.
1154 3523 1305 3598 exstaatl')
1323 3525 1387 3581 “ln

191 3628 240 3708 pia
270 3626 325 3682 hoc
353 3624 436 3681 modo
460 3622 603 3692 transfert,
632 3630 652 3657 “
666 3620 768 3677 Coacio
819 3617 1005 3675 ascribendis
1019 3616 1135 3673 vetustis
1147 3617 1297 3691 lapidibus,
1317 3636 1389 3692 prte-

194 3716 491 3776 Senatoria.'’-Cum
510 3735 617 3793 quoque
628 3714 728 3790 aliquis
740 3714 769 3769 iu
818 3720 860 3771 ter
885 3730 1028 3769 summam
1054 3712 1149 3783 fidem,
1181 3730 1389 3787 summam-qus

195 3811 341 3885 Delphico
380 3810 590 3884 amphitheatro
623 3817 690 3866 nota
720 3806 770 3863 illa
819 3807 988 3883 diligentiam
1033 3816 1062 3863 et
1098 3808 1223 3864 laborem
1261 3807 1387 3865 omnium

194 3904 303 3961 oraculi
332 3905 431 3961 Croesc
463 3922 598 3977 respousa
630 3920 645 3959 e
679 3902 769 3976 primo
819 3900 1096 3971 aerumnosissimum,
1118 3900 1223 3974 optime
1243 3919 1388 3971 noveram,

196 3998 337 4055 Herodoti
363 4000 435 4055 libro
463 3998 629 4073 scripsisset,
648 4016 736 4074 eaque
752 4018 770 4055 a
820 3999 960 4074 praecipua
971 3997 1094 4073 quadam
1108 4015 1177 4070 opus
1187 4015 1247 4053 esse
1257 3997 1389 4067 doctrina,

195 4091 305 4147 viatore
328 4092 422 4167 aliquo
448 4092 590 4167 exscripta
612 4092 646 4148 ad
672 4092 771 4149 Mura-
821 4110 883 4161 usu,
895 4090 1264 4164 exercitatione-antique
1278 4091 1390 4165 insuper

197 4182 303 4241 tarium
323 4184 412 4242 allatu
425 4194 528 4255 essent,
549 4184 634 4241 edidit
652 4184 680 4240 in
697 4184 771 4241 The·
821 4184 1037 4261 orthographiae,
1062 4184 1258 4261 variorumque
1277 4187 1391 4244 charam

196 4294 292 4347 sauro,
328 4276 372 4335 his
398 4278 491 4336 verbis
514 4278 622 4335 additis.
665 4276 770 4345 “Quid
822 4288 913 4338 terum
927 4277 1034 4335 eximia
1047 4278 1173 4351 peritia.''

199 4368 254 4426 sibi
276 4368 363 4427 velint
383 4388 486 4429 arcana
507 4370 567 4429 haec
583 4368 726 4446 mysterio,
744 4377 771 4426 ct
