3250 5350
626 401 962 460 rnocaeousnn.
1325 391 1398 472 ,xiii

211 552 443 625 mentationes
472 557 536 628 ubi
567 561 779 659 perlegeris,
811 564 1058 662 plurimosque
1087 577 1246 639 veterum
1279 569 1399 665 Scrip·
1482 599 1485 606 ¹

206 687 317 750 torum
333 683 459 757 allatos
476 689 619 762 erudite
636 691 734 765 locos
753 696 816 767 uhi
835 697 1043 783 contuleris,
1074 699 1162 770 nihil
1180 695 1283 787 certi,
1309 701 1398 774 nihil

204 809 428 886 determinati
447 818 529 890 elici
548 819 584 892 in
612 846 656 893 ea
674 848 713 896 re
735 848 842 919 posse
861 827 1043 901 fateberis.
1099 831 1146 900 At
1164 851 1396 927 quocumque

201 939 342 1012 tandem
374 946 522 1020 nomine
554 953 741 1046 primaevas
769 955 982 1030 Graecorum
1017 959 1137 1030 literas
1172 983 1394 1048 vocaremus,

201 1065 392 1143 dummodo
409 1073 546 1165 liceret,
571 1103 726 1174 quanam
745 1084 881 1156 fuerint
899 1087 1026 1183 ligura,
1051 1110 1300 1184 cognoscere:
1330 1091 1395 1187 qul

201 1222 282 1271 vero
298 1200 418 1293 liceat,
440 1230 521 1279 curn
540 1211 619 1307 ejus
636 1213 750 1284 aetatis
771 1227 1042 1286 monumentum
1060 1217 1218 1310 supersit
1234 1216 1394 1290 nullom?

199 1329 242 1410 ad
266 1327 478 1407 Pboenicias
505 1307 667 1433 primitds
693 1344 886 1415 accessisse
909 1343 1206 1416 verisimillimum
1230 1345 1393 1430 videtum

198 1467 235 1528 at
263 1462 389 1555 quales
423 1468 581 1564 antiquae
615 1471 813 1544 Phoeniciae
843 1474 989 1559 fuerint,
1023 1473 1103 1568 quis
1133 1473 1238 1546 nohis
1273 1485 1393 1548 ratum

199 1587 311 1660 lacit?
336 1591 411 1664 Eas
428 1596 575 1689 quidem
594 1601 776 1672 recensuit
793 1601 970 1699 Scaliger,
990 1611 1027 1674 et
1043 1603 1220 1689 exhihuit,
1238 1612 1393 1700 postque

198 1719 314 1813 ipsum
331 1723 416 1809 olii;
439 1736 477 1797 at
496 1730 592 1800 onds
607 1730 782 1817 eruerint,
802 1754 874 1801 non
897 1743 1055 1804 monent.
1097 1731 1140 1802 ln
1159 1729 1394 1828 Samaritanis

199 1850 421 1924 numismatis
444 1877 570 1950 poucae
591 1857 716 1946 literae,
740 1871 777 1933 et
794 1883 921 1955 parum
941 1869 1172 1931 constantes:
1200 1862 1245 1931 de
1267 1883 1392 1932 eorum

197 1995 317 2054 autem
346 2011 424 2060 aevo
450 1990 532 2085 quis
558 2014 625 2062 nos
650 1994 824 2064 certiores
849 1989 959 2064 facit?
998 1989 1141 2064 Punica
1166 1990 1274 2063 etiam
1292 1991 1394 2063 adhi-

199 2112 330 2185 bentur
340 2145 352 2202 3
379 2128 416 2189 at
439 2118 522 2214 quis
540 2120 645 2206 norit,
663 2145 687 2190 a
705 2120 899 2193 Phoenicia
922 2122 1035 2193 forma
1054 2118 1184 2192 Paenos
1204 2122 1394 2194 scribendo

198 2269 269 2320 non
306 2247 529 2324 deflexisse?
583 2252 747 2326 lonicum
785 2265 823 2326 et
858 2254 1021 2326 Atticum
1060 2252 1293 2347 alphabetum
1326 2251 1393 2326 viri

194 2380 294 2450 docti
322 2382 460 2476 pariter
482 2383 588 2455 nobis
614 2385 832 2483 depingunt,
861 2407 905 2454 ac
931 2383 1121 2478 proferunt
1134 2409 1144 2466 3
1178 2405 1252 2476 quo
1269 2391 1392 2452 autem

199 2509 318 2583 teste?
349 2514 482 2607 quibus
498 2515 657 2588 tabulis?
691 2539 774 2586 narn
796 2537 859 2586 eas
884 2515 1006 2587 literas
1033 2513 1224 2586 nominant
1249 2513 1392 2608 quidem

195 2645 377 2739 'ductores
414 2658 563 2735 veteres,
605 2649 668 2721 sed
710 2670 782 2720 non
823 2645 1059 2731 describunt;
1106 2641 1393 2740 scripturamque

200 2778 330 2849 Atticm
351 2779 407 2850 vel
426 2778 564 2851 lonicae
586 2804 717 2851 nomen
736 2802 811 2874 prae
835 2777 1067 2850 referentem
1092 2778 1127 2847 in
1148 2776 1299 2847 vetustis
1318 2800 1392 2847 mo·

198 2906 380 2977 nomentio
414 2908 619 2978 extantibus
656 2909 822 2979 ostendet
853 2930 972 2979 nemo.
1029 2904 1164 2977 Mirum
1201 2912 1393 2997 propterea

198 3046 355 3122 nonest,
381 3034 563 3130 principes
588 3036 626 3107 in
650 3038 720 3108 hoc
737 3060 875 3133 genere
896 3034 1080 3106 literarum
1104 3032 1198 3105 viros
1219 3042 1393 3126 perpetuo

198 3162 235 3236 in
259 3167 314 3237 his
342 3166 525 3248 dissidere,
551 3166 777 3264 Scaligerom
804 3178 841 3237 et
867 3164 1096 3249 Salmasium,
1125 3162 1187 3257 qui
1213 3161 1390 3255 tripodum

196 3292 243 3363 ab
264 3292 452 3371 Herodoto
476 3306 754 3368 memoratorum
780 3298 992 3392 scripturam
1021 3295 1161 3393 lingere
1186 3316 1259 3363 non
1288 3292 1392 3363 dubi·

197 3436 329 3515 tarunt,
344 3450 388 3498 oc
405 3426 434 3496 si
451 3426 634 3513 vidissent,
651 3439 688 3499 et
704 3429 751 3499 ob
770 3429 893 3500 oculos
911 3451 1047 3523 ponere
1057 3456 1066 3513 ;
1095 3424 1247 3498 affirmat
1265 3448 1392 3497 recens

198 3558 351 3644 Auctor,
385 3554 510 3629 Attico
534 3558 671 3651 potius,
704 3580 813 3655 quum
846 3555 1008 3629 Cadmeo
1041 3554 1271 3629 exhibuisse:
1304 3556 1391 3627 mihi

198 3690 345 3784 quidem
377 3699 451 3759 tam
486 3690 556 3761 hoc
589 3691 765 3762 incertum
801 3698 868 3775 est,
905 3712 1012 3783 quam
1051 3688 1145 3760 illud.
1199 3688 1271 3777 Qui
1305 3711 1391 3760 vero

198 3830 340 3892 atatem
374 3842 521 3915 quoque
558 3818 684 3891 horum
717 3817 989 3912 alphabetorum
1015 3818 1167 3890 definire
1199 3818 1391 3890 voluerunt

198 3952 417 4024 inconcinna
452 3974 595 4046 prorsus
635 3959 671 4021 et
703 3951 842 4025 absona
881 3948 1126 4022 tradiderunt:
1172 3948 1258 4045 quid
1292 3950 1388 4023 enim

197 4083 313 4180 potuit
344 4084 479 4155 nedum
501 4107 524 4153 a
553 4080 717 4164 veritate,
744 4082 807 4151 sed
834 4080 879 4167 ab
907 4080 1121 4153 auctoritate
1147 4079 1246 4151 omni
1274 4083 1389 4179 magis

197 4216 366 4301 alienum,
398 4236 506 4310 qnam
533 4211 658 4284 Ionica
684 4211 863 4284 elemento
893 4210 986 4285 mille
1007 4223 1044 4284 et
1067 4211 1276 4307 quingentis
1303 4223 1388 4285 ante

199 4350 383 4423 Christum
425 4344 541 4431 annis,
589 4342 709 4441 Attica
752 4340 962 4439 quingentis
1001 4337 1220 4435 incoepisse?
1280 4339 1387 4428 Quod
