<?xml version="1.0" encoding="UTF-8"?>
<!DOCTYPE html PUBLIC "-//W3C//DTD XHTML 1.0 Transitional//EN"
    "http://www.w3.org/TR/xhtml1/DTD/xhtml1-transitional.dtd">
<html xmlns="http://www.w3.org/1999/xhtml" xml:lang="en" lang="en">
 <head>
  <title>
</title>
<meta http-equiv="Content-Type" content="text/html;charset=utf-8" />
  <meta name='ocr-system' content='tesseract 3.04.00' />
  <meta name='ocr-capabilities' content='ocr_page ocr_carea ocr_par ocr_line ocrx_word'/>
</head>
<body>
  <div class='ocr_page' id='page_1' title='image "./inscriptionesgr01rosegoog_0100.png"; bbox 0 0 3250 5350; ppageno 0'>
   <div class='ocr_carea' id='block_1_1' title="bbox 625 474 1379 552">
    <p class='ocr_par' dir='ltr' id='par_1_1' title="bbox 625 474 1379 552">
     <span class='ocr_line' id='line_1_1' title="bbox 625 474 1379 552; baseline -0.009 -2"><span class='ocrx_word' id='word_1_1' title='bbox 625 499 967 552; x_wconf 75' lang='lat' dir='ltr'>aaossuouass.</span> <span class='ocrx_word' id='word_1_2' title='bbox 1282 474 1379 551; x_wconf 79' lang='lat' dir='ltr'>lxxiii</span> 
     </span>
    </p>
   </div>
   <div class='ocr_carea' id='block_1_2' title="bbox 176 661 1375 1762">
    <p class='ocr_par' dir='ltr' id='par_1_2' title="bbox 176 661 1375 1762">
     <span class='ocr_line' id='line_1_2' title="bbox 181 661 1373 763; baseline -0.006 -25"><span class='ocrx_word' id='word_1_3' title='bbox 181 665 308 763; x_wconf 82' lang='lat' dir='ltr'>agenti</span> <span class='ocrx_word' id='word_1_4' title='bbox 338 687 525 760; x_wconf 84' lang='lat' dir='ltr'>nunquam</span> <span class='ocrx_word' id='word_1_5' title='bbox 557 663 707 737; x_wconf 73' lang='lat' dir='ltr'>fortasse</span> <span class='ocrx_word' id='word_1_6' title='bbox 740 665 975 760; x_wconf 83' lang='lat' dir='ltr'>irrepsissent.</span> <span class='ocrx_word' id='word_1_7' title='bbox 1027 663 1152 735; x_wconf 84' lang='lat' dir='ltr'>Tuum</span> <span class='ocrx_word' id='word_1_8' title='bbox 1183 673 1250 746; x_wconf 85' lang='lat' dir='ltr'>est,</span> <span class='ocrx_word' id='word_1_9' title='bbox 1282 662 1312 732; x_wconf 87' lang='lat' dir='ltr'>ai</span> <span class='ocrx_word' id='word_1_10' title='bbox 1336 661 1373 732; x_wconf 89' lang='lat' dir='ltr'>in</span> 
     </span>
     <span class='ocr_line' id='line_1_3' title="bbox 181 790 1375 892; baseline -0.003 -26"><span class='ocrx_word' id='word_1_11' title='bbox 181 795 359 868; x_wconf 80' lang='lat' dir='ltr'>similibus</span> <span class='ocrx_word' id='word_1_12' title='bbox 394 793 460 867; x_wconf 93' lang='lat' dir='ltr'>tibi</span> <span class='ocrx_word' id='word_1_13' title='bbox 491 795 544 868; x_wconf 82' lang='lat' dir='ltr'>vis</span> <span class='ocrx_word' id='word_1_14' title='bbox 579 795 734 892; x_wconf 74' lang='lat' dir='ltr'>ignosci,</span> <span class='ocrx_word' id='word_1_15' title='bbox 769 804 805 866; x_wconf 87' lang='lat' dir='ltr'>et</span> <span class='ocrx_word' id='word_1_16' title='bbox 849 793 971 891; x_wconf 81' lang='lat' dir='ltr'>operis</span> <span class='ocrx_word' id='word_1_17' title='bbox 1005 790 1275 890; x_wconf 68' lang='lat' dir='ltr'>typographicis</span> <span class='ocrx_word' id='word_1_18' title='bbox 1309 813 1375 863; x_wconf 82' lang='lat' dir='ltr'>sua</span> 
     </span>
     <span class='ocr_line' id='line_1_4' title="bbox 181 921 1375 1020; baseline -0.002 -26"><span class='ocrx_word' id='word_1_19' title='bbox 181 925 467 1018; x_wconf 72' lang='grc' dir='ltr'>παρατυπόματα</span> <span class='ocrx_word' id='word_1_20' title='bbox 509 935 545 996; x_wconf 87' lang='lat' dir='ltr'>et</span> <span class='ocrx_word' id='word_1_21' title='bbox 587 934 709 998; x_wconf 70' lang='lat' dir='ltr'>nasus</span> <span class='ocrx_word' id='word_1_22' title='bbox 744 924 849 996; x_wconf 87' lang='lat' dir='ltr'>nobis</span> <span class='ocrx_word' id='word_1_23' title='bbox 892 923 1117 1020; x_wconf 70' lang='grc' dir='ltr'>παροράματα</span> <span class='ocrx_word' id='word_1_24' title='bbox 1158 921 1375 992; x_wconf 84' lang='lat' dir='ltr'>condonare.</span> 
     </span>
     <span class='ocr_line' id='line_1_5' title="bbox 181 1049 1373 1144; baseline 0.001 -24"><span class='ocrx_word' id='word_1_25' title='bbox 181 1049 325 1121; x_wconf 87' lang='lat' dir='ltr'>Damus</span> <span class='ocrx_word' id='word_1_26' title='bbox 359 1062 396 1122; x_wconf 91' lang='lat' dir='ltr'>et</span> <span class='ocrx_word' id='word_1_27' title='bbox 438 1049 594 1144; x_wconf 82' lang='lat' dir='ltr'>petimus</span> <span class='ocrx_word' id='word_1_28' title='bbox 629 1051 784 1122; x_wconf 86' lang='lat' dir='ltr'>vicissim</span> <span class='ocrx_word' id='word_1_29' title='bbox 819 1053 913 1138; x_wconf 79' lang='lat' dir='ltr'>btmc¹</span> <span class='ocrx_word' id='word_1_30' title='bbox 949 1049 1089 1122; x_wconf 85' lang='lat' dir='ltr'>veniam</span> <span class='ocrx_word' id='word_1_31' title='bbox 1131 1049 1193 1144; x_wconf 88' lang='lat' dir='ltr'>qui</span> <span class='ocrx_word' id='word_1_32' title='bbox 1236 1049 1373 1144; x_wconf 89' lang='lat' dir='ltr'>aliquid</span> 
     </span>
     <span class='ocr_line' id='line_1_6' title="bbox 179 1175 1369 1273; baseline 0 -25"><span class='ocrx_word' id='word_1_33' title='bbox 179 1175 385 1262; x_wconf 77' lang='lat' dir='ltr'>scribimus,</span> <span class='ocrx_word' id='word_1_34' title='bbox 422 1187 459 1250; x_wconf 87' lang='lat' dir='ltr'>et</span> <span class='ocrx_word' id='word_1_35' title='bbox 505 1179 621 1248; x_wconf 84' lang='lat' dir='ltr'>studia</span> <span class='ocrx_word' id='word_1_36' title='bbox 669 1189 790 1252; x_wconf 82' lang='lat' dir='ltr'>nostra</span> <span class='ocrx_word' id='word_1_37' title='bbox 835 1177 871 1250; x_wconf 90' lang='lat' dir='ltr'>in</span> <span class='ocrx_word' id='word_1_38' title='bbox 912 1178 1095 1273; x_wconf 86' lang='lat' dir='ltr'>publicum</span> <span class='ocrx_word' id='word_1_39' title='bbox 1146 1177 1369 1271; x_wconf 75' lang='lat' dir='ltr'>proterimus.</span> 
     </span>
     <span class='ocr_line' id='line_1_7' title="bbox 180 1301 1372 1401; baseline 0.003 -29"><span class='ocrx_word' id='word_1_40' title='bbox 180 1301 244 1372; x_wconf 84' lang='lat' dir='ltr'>Sic</span> <span class='ocrx_word' id='word_1_41' title='bbox 277 1303 390 1399; x_wconf 84' lang='lat' dir='ltr'>igitur</span> <span class='ocrx_word' id='word_1_42' title='bbox 416 1305 614 1400; x_wconf 69' lang='grc' dir='ltr'>σφάλματα</span> <span class='ocrx_word' id='word_1_43' title='bbox 637 1329 719 1400; x_wconf 83' lang='lat' dir='ltr'>quoe</span> <span class='ocrx_word' id='word_1_44' title='bbox 754 1305 858 1378; x_wconf 86' lang='lat' dir='ltr'>nobis</span> <span class='ocrx_word' id='word_1_45' title='bbox 894 1306 987 1376; x_wconf 83' lang='lat' dir='ltr'>inter</span> <span class='ocrx_word' id='word_1_46' title='bbox 1020 1304 1213 1401; x_wconf 84' lang='lat' dir='ltr'>legendum</span> <span class='ocrx_word' id='word_1_47' title='bbox 1246 1327 1372 1376; x_wconf 82' lang='lat' dir='ltr'>occur-</span> 
     </span>
     <span class='ocr_line' id='line_1_8' title="bbox 179 1431 1373 1530; baseline 0.003 -30"><span class='ocrx_word' id='word_1_48' title='bbox 179 1443 320 1516; x_wconf 83' lang='lat' dir='ltr'>rerunt,</span> <span class='ocrx_word' id='word_1_49' title='bbox 348 1431 519 1530; x_wconf 80' lang='lat' dir='ltr'>corrigas,</span> <span class='ocrx_word' id='word_1_50' title='bbox 546 1433 685 1528; x_wconf 81' lang='lat' dir='ltr'>reliqua</span> <span class='ocrx_word' id='word_1_51' title='bbox 713 1435 744 1505; x_wconf 87' lang='lat' dir='ltr'>si</span> <span class='ocrx_word' id='word_1_52' title='bbox 773 1457 859 1530; x_wconf 69' lang='lat' dir='ltr'>qum</span> <span class='ocrx_word' id='word_1_53' title='bbox 890 1457 956 1505; x_wconf 82' lang='lat' dir='ltr'>aas</span> <span class='ocrx_word' id='word_1_54' title='bbox 986 1432 1157 1530; x_wconf 78' lang='lat' dir='ltr'>lugerint,</span> <span class='ocrx_word' id='word_1_55' title='bbox 1191 1444 1228 1504; x_wconf 87' lang='lat' dir='ltr'>et</span> <span class='ocrx_word' id='word_1_56' title='bbox 1260 1431 1373 1504; x_wconf 85' lang='lat' dir='ltr'>multa</span> 
     </span>
     <span class='ocr_line' id='line_1_9' title="bbox 177 1557 1371 1661; baseline 0.003 -31"><span class='ocrx_word' id='word_1_57' title='bbox 177 1557 321 1655; x_wconf 76' lang='lat' dir='ltr'>fugisse</span> <span class='ocrx_word' id='word_1_58' title='bbox 357 1585 427 1632; x_wconf 90' lang='lat' dir='ltr'>non</span> <span class='ocrx_word' id='word_1_59' title='bbox 457 1561 596 1643; x_wconf 89' lang='lat' dir='ltr'>dubito,</span> <span class='ocrx_word' id='word_1_60' title='bbox 625 1574 744 1656; x_wconf 83' lang='lat' dir='ltr'>perte</span> <span class='ocrx_word' id='word_1_61' title='bbox 771 1565 858 1658; x_wconf 87' lang='lat' dir='ltr'>ipse,</span> <span class='ocrx_word' id='word_1_62' title='bbox 878 1565 908 1634; x_wconf 88' lang='lat' dir='ltr'>si</span> <span class='ocrx_word' id='word_1_63' title='bbox 935 1563 1116 1661; x_wconf 82' lang='lat' dir='ltr'>benignus</span> <span class='ocrx_word' id='word_1_64' title='bbox 1139 1574 1176 1635; x_wconf 90' lang='lat' dir='ltr'>et</span> <span class='ocrx_word' id='word_1_65' title='bbox 1197 1562 1371 1636; x_wconf 77' lang='lat' dir='ltr'>candidus</span> 
     </span>
     <span class='ocr_line' id='line_1_10' title="bbox 176 1691 645 1762; baseline 0 0"><span class='ocrx_word' id='word_1_66' title='bbox 176 1715 219 1762; x_wconf 84' lang='lat' dir='ltr'>es</span> <span class='ocrx_word' id='word_1_67' title='bbox 247 1691 467 1762; x_wconf 78' lang='lat' dir='ltr'>emendabis.</span> <span class='ocrx_word' id='word_1_68' title='bbox 521 1691 645 1762; x_wconf 74' lang='lat' dir='ltr'>vate.”</span> 
     </span>
    </p>
   </div>
   <div class='ocr_carea' id='block_1_3' title="bbox 252 1989 863 2072">
    <p class='ocr_par' dir='ltr' id='par_1_3' title="bbox 252 1989 863 2072">
     <span class='ocr_line' id='line_1_11' title="bbox 252 1989 863 2072; baseline -0.011 -19"><span class='ocrx_word' id='word_1_69' title='bbox 252 1989 338 2053; x_wconf 81' lang='lat' dir='ltr'>Dedi</span> <span class='ocrx_word' id='word_1_70' title='bbox 369 1989 533 2072; x_wconf 82' lang='lat' dir='ltr'>ld.Aprit.</span> <span class='ocrx_word' id='word_1_71' title='bbox 563 1997 742 2054; x_wconf 73' lang='lat' dir='ltr'>s.s.1824.</span> <span class='ocrx_word' id='word_1_72' title='bbox 859 2040 863 2046; x_wconf 80' lang='grc'><strong><em>,</em></strong></span> 
     </span>
    </p>
   </div>
   <div class='ocr_carea' id='block_1_4' title="bbox 172 2173 1368 2648">
    <p class='ocr_par' dir='ltr' id='par_1_4' title="bbox 172 2173 1368 2648">
     <span class='ocr_line' id='line_1_12' title="bbox 253 2173 1368 2262; baseline 0.004 -23"><span class='ocrx_word' id='word_1_73' title='bbox 253 2175 293 2239; x_wconf 92' lang='lat' dir='ltr'>P.</span> <span class='ocrx_word' id='word_1_74' title='bbox 304 2176 339 2240; x_wconf 94' lang='lat' dir='ltr'>S.</span> <span class='ocrx_word' id='word_1_75' title='bbox 394 2173 482 2238; x_wconf 87' lang='lat' dir='ltr'>Dum</span> <span class='ocrx_word' id='word_1_76' title='bbox 510 2173 587 2238; x_wconf 81' lang='lat' dir='ltr'>liber</span> <span class='ocrx_word' id='word_1_77' title='bbox 611 2175 712 2238; x_wconf 87' lang='lat' dir='ltr'>adbuc</span> <span class='ocrx_word' id='word_1_78' title='bbox 731 2173 763 2236; x_wconf 86' lang='lat' dir='ltr'>in</span> <span class='ocrx_word' id='word_1_79' title='bbox 793 2175 881 2258; x_wconf 82' lang='lat' dir='ltr'>prelo</span> <span class='ocrx_word' id='word_1_80' title='bbox 904 2190 1082 2252; x_wconf 81' lang='lat' dir='ltr'>versaretur,</span> <span class='ocrx_word' id='word_1_81' title='bbox 1108 2177 1266 2243; x_wconf 79' lang='lat' dir='ltr'>Dobraus</span> <span class='ocrx_word' id='word_1_82' title='bbox 1288 2201 1368 2262; x_wconf 81' lang='lat' dir='ltr'>apo·</span> 
     </span>
     <span class='ocr_line' id='line_1_13' title="bbox 172 2269 1368 2358; baseline 0.003 -24"><span class='ocrx_word' id='word_1_83' title='bbox 172 2274 296 2358; x_wconf 82' lang='lat' dir='ltr'>grapba</span> <span class='ocrx_word' id='word_1_84' title='bbox 322 2294 513 2336; x_wconf 81' lang='lat' dir='ltr'>marmorum</span> <span class='ocrx_word' id='word_1_85' title='bbox 538 2271 569 2334; x_wconf 86' lang='lat' dir='ltr'>in</span> <span class='ocrx_word' id='word_1_86' title='bbox 594 2269 729 2354; x_wconf 77' lang='lat' dir='ltr'>Collegii</span> <span class='ocrx_word' id='word_1_87' title='bbox 755 2270 790 2332; x_wconf 83' lang='lat' dir='ltr'>S.</span> <span class='ocrx_word' id='word_1_88' title='bbox 809 2271 843 2333; x_wconf 88' lang='lat' dir='ltr'>S.</span> <span class='ocrx_word' id='word_1_89' title='bbox 863 2271 953 2338; x_wconf 82' lang='lat' dir='ltr'>Tria.</span> <span class='ocrx_word' id='word_1_90' title='bbox 978 2273 1169 2339; x_wconf 76' lang='lat' dir='ltr'>bibliotheca</span> <span class='ocrx_word' id='word_1_91' title='bbox 1198 2275 1368 2340; x_wconf 79' lang='lat' dir='ltr'>extantium</span> 
     </span>
     <span class='ocr_line' id='line_1_14' title="bbox 173 2367 1367 2456; baseline 0.002 -22"><span class='ocrx_word' id='word_1_92' title='bbox 173 2393 303 2436; x_wconf 88' lang='lat' dir='ltr'>mecum</span> <span class='ocrx_word' id='word_1_93' title='bbox 321 2368 582 2447; x_wconf 84' lang='lat' dir='ltr'>communicavit;</span> <span class='ocrx_word' id='word_1_94' title='bbox 614 2381 646 2432; x_wconf 90' lang='lat' dir='ltr'>et</span> <span class='ocrx_word' id='word_1_95' title='bbox 661 2367 892 2433; x_wconf 83' lang='lat' dir='ltr'>observationes</span> <span class='ocrx_word' id='word_1_96' title='bbox 918 2393 1033 2453; x_wconf 82' lang='lat' dir='ltr'>paucas</span> <span class='ocrx_word' id='word_1_97' title='bbox 1050 2387 1082 2434; x_wconf 83' lang='lat' dir='ltr'>at</span> <span class='ocrx_word' id='word_1_98' title='bbox 1102 2371 1367 2456; x_wconf 66' lang='lat' dir='ltr'>praestantissimas</span> 
     </span>
     <span class='ocr_line' id='line_1_15' title="bbox 172 2463 1366 2555; baseline -0.003 -23"><span class='ocrx_word' id='word_1_99' title='bbox 172 2467 304 2555; x_wconf 70' lang='lat' dir='ltr'>adjecit.</span> <span class='ocrx_word' id='word_1_100' title='bbox 358 2466 437 2531; x_wconf 73' lang='lat' dir='ltr'>Haec</span> <span class='ocrx_word' id='word_1_101' title='bbox 455 2477 603 2550; x_wconf 86' lang='lat' dir='ltr'>quantum</span> <span class='ocrx_word' id='word_1_102' title='bbox 621 2487 692 2530; x_wconf 78' lang='lat' dir='ltr'>nso</span> <span class='ocrx_word' id='word_1_103' title='bbox 710 2463 817 2528; x_wconf 76' lang='lat' dir='ltr'>libello</span> <span class='ocrx_word' id='word_1_104' title='bbox 834 2466 1005 2550; x_wconf 73' lang='lat' dir='ltr'>dignitatis,</span> <span class='ocrx_word' id='word_1_105' title='bbox 1032 2481 1182 2552; x_wconf 80' lang='lat' dir='ltr'>quautam</span> <span class='ocrx_word' id='word_1_106' title='bbox 1199 2469 1366 2534; x_wconf 72' lang='lat' dir='ltr'>lectoribus</span> 
     </span>
     <span class='ocr_line' id='line_1_16' title="bbox 173 2562 950 2648; baseline -0.005 -18"><span class='ocrx_word' id='word_1_107' title='bbox 173 2563 319 2630; x_wconf 86' lang='lat' dir='ltr'>utilitatis</span> <span class='ocrx_word' id='word_1_108' title='bbox 332 2566 458 2628; x_wconf 84' lang='lat' dir='ltr'>allatura</span> <span class='ocrx_word' id='word_1_109' title='bbox 478 2562 548 2642; x_wconf 87' lang='lat' dir='ltr'>sint,</span> <span class='ocrx_word' id='word_1_110' title='bbox 575 2562 677 2628; x_wconf 80' lang='lat' dir='ltr'>dicere</span> <span class='ocrx_word' id='word_1_111' title='bbox 693 2564 775 2628; x_wconf 87' lang='lat' dir='ltr'>baud</span> <span class='ocrx_word' id='word_1_112' title='bbox 793 2583 875 2648; x_wconf 71' lang='lat' dir='ltr'>opus</span> <span class='ocrx_word' id='word_1_113' title='bbox 891 2575 950 2626; x_wconf 83' lang='lat' dir='ltr'>est.</span> 
     </span>
    </p>
   </div>
   <div class='ocr_carea' id='block_1_5' title="bbox 0 0 1630 5350">
    <p class='ocr_par' dir='ltr' id='par_1_5' title="bbox 0 0 1630 5350">
     <span class='ocr_line' id='line_1_17' title="bbox 0 0 1630 5350; baseline 0 5"><span class='ocrx_word' id='word_1_114' title='bbox 0 0 1630 5350; x_wconf 95' lang='lat' dir='ltr'> </span> 
     </span>
    </p>
   </div>
  </div>
 </body>
</html>
