3250 5350
156 432 287 499 lusca.
309 428 353 507 1.]
717 438 786 515 27⁵

155 613 202 677 et
230 613 335 676 notes
358 602 479 675 ovium
507 611 617 699 atque

153 758 362 831 caprarum,
390 744 499 831 atque
528 733 686 819 bovium,
707 741 817 831 atque
846 726 1041 833 equorum,¹
1067 748 1104 808 et

154 868 189 939 si
217 866 340 965 aliqua
360 876 447 939 note
473 866 571 938 haud
597 866 756 965 insignia
784 870 867 957 sint,
901 881 938 943 et
972 894 1160 942 numerum
1174 898 1185 957 ;
1214 871 1309 942 haud

151 1010 279 1073 autem
301 998 474 1073 inscribet
500 998 672 1097 majorem
703 1024 893 1072 numerum
918 1023 1026 1096 quem
1057 1000 1118 1096 qui
1145 1000 1349 1073 scribentur

152 1134 195 1205 in
223 1144 344 1229 pacto.
395 1132 434 1205 Si
467 1142 586 1205 autem
616 1132 745 1230 aliquis

152 1268 280 1365 exigat
307 1267 355 1339 ab
379 1264 524 1337 Eubulo
550 1263 703 1359 pretium
734 1263 986 1357 pabulationis,
1011 1261 1141 1334 debeat

153 1374 282 1474 civites
315 1396 537 1472 Orchomeni
568 1396 711 1494 argenti

152 1531 396 1629 quadraginta
427 1528 542 1602 mines
568 1528 712 1601 Eubuto
737 1527 889 1626 singulis

151 1662 272 1745 annis,
299 1669 339 1732 et
367 1682 512 1731 usuram
545 1658 672 1742 solvat,
700 1658 888 1730 drachmae

232 1816 297 1886 pro
322 1790 476 1888 singulis
507 1788 628 1876 minis,
662 1812 786 1863 mense

122 1918 274 2008 'omni3
308 1931 348 1993 et
366 1920 430 2020 jue
458 1920 505 1992 eit
532 1919 678 1993 Eubulo
703 1920 798 1992 Itane
820 1920 1018 2013 pecuniam
1050 1922 1286 2017 recuperandi

149 2055 352 2127 secundum
378 2050 704 2125 Orchomeniorum
730 2050 841 2150 leges.
1050 2048 1053 2053 ’

148 2285 187 2341 ad
215 2284 343 2361 Hesych.
367 2282 481 2339 vocibus
509 2286 668 2339 uma-rim
695 2293 724 2339 et
774 2283 851 2364 λα’σῃ
862 2282 981 2359 reponit.
1002 2284 1076 2341 Tum
1088 2282 1220 2357 ἐννόμων,
1235 2286 1253 2343 ὅ
1264 2286 1344 2345 ἔστιν

148 2385 316 2462 τρντίπτιοι
329 2380 458 2439 advocat.
679 2386 686 2397 ‘
771 2382 803 2436 ἐν
818 2378 885 2459 νόμῃ
903 2399 961 2437 esse
975 2388 1063 2453 putat,
1082 2382 1185 2439 addens
1200 2384 1343 2443 civitatem

96 2472 101 2482 ’
191 2474 311 2548 'Bene
332 2486 364 2533 ut
385 2478 493 2553 opinor,
515 2480 657 2537 Dobraeus
679 2472 725 2546 ἐμ·
775 2466 884 2525 Eubulo
911 2470 1056 2544 pecuniam
1084 2472 1191 2530 solvere
1219 2474 1344 2548 polliceri

150 2569 270 2651 πράττῃ
300 2571 442 2647 supplevit
470 2591 508 2631 ex
534 2570 660 2647 eoquod
682 2569 725 2625 in·
774 2565 879 2641 siquis
903 2567 975 2625 latro
995 2586 1031 2625 ex
1055 2570 1129 2628 urbis
1153 2573 1261 2646 pascuis
1282 2574 1342 2649 ejus

148 2664 197 2724 fra
213 2666 324 2739 ponitur
338 2664 512 2746 ἔμπρακτοτ.
552 2666 598 2726 Cf.
614 2683 722 2741 quoque
775 2678 858 2734 pecus
897 2658 1049 2722 abstulerit.
1097 2664 1152 2722 Sed
1191 2666 1341 2726 absurdum

148 2759 247 2817 Reid.
261 2760 325 2816 lnd.
340 2761 470 2820 Demost.
483 2781 510 2818 v.
526 2759 720 2839 εἰσπράττειν.
771 2763 855 2826 esset,
875 2765 906 2812 ut
920 2756 989 2814 mihi
1003 2759 1121 2831 videtur,
1142 2779 1275 2836 quantum
1296 2783 1341 2838 pe·

149 2854 324 2911 Summani
337 2854 398 2911 haec
411 2863 464 2914 est.
505 2855 580 2912 Cum
601 2852 720 2923 νομόνητ
770 2853 857 2908 cuniae
885 2852 992 2910 solvere
1013 2867 1150 2929 oporteret
1164 2859 1339 2930 constituere,

145 2952 245 3009 omnia
267 2951 343 3007 urbis
367 2968 471 3024 pasena
490 2950 580 3022 pretio
598 2947 720 3023 quodem
770 2945 824 3004 nisi
842 2947 984 3020 cognitum
1004 2959 1076 3008 esset
1090 2961 1157 3025 quot
1175 2971 1276 3028 pecora
1288 2957 1338 3012 ab·

148 3045 337 3119 conduxisset,
354 3046 418 3122 jum
431 3044 509 3122 quen‘
521 3043 593 3119 quod
610 3043 718 3100 Eubulo
769 3044 828 3098 lata
840 3042 967 3101 fuissent.

145 3143 175 3200 iu
189 3143 235 3198 hie
245 3141 313 3216 ipsis
326 3141 435 3216 pascuis
450 3149 493 3198 tot
509 3137 644 3196 animalia
657 3158 719 3212 pas·
807 3136 991 3194 1Νιιεοίοιτη
1012 3144 1124 3200 «ande
1142 3145 1185 3201 vel
1210 3149 1267 3204 κᾶτ
1282 3151 1336 3206 τὰ
1389 3193 1392 3199 ,

145 3236 229 3294 cendi
244 3237 293 3312 jus
314 3236 412 3293 datum
435 3236 481 3305 eit,
502 3244 531 3292 et
554 3235 590 3290 ab
610 3251 642 3290 eo
658 3251 720 3306 pre-
768 3226 860 3302 legere
885 3229 1045 3286 debeamus.
1093 3235 1256 3296 Eustathius
1285 3241 1335 3316 (ad

145 3334 219 3391 tium
242 3331 427 3406 pabulationis
450 3350 594 3408 reposcere
616 3338 715 3404 posset.
770 3321 852 3380 ΠΜ
864 3323 901 3378 Λ·
924 3341 952 3397 Ρ·
968 3330 1036 3384 828,
1053 3325 1071 3383 l.
1086 3333 1136 3386 32.
1158 3337 1187 3386 et
1203 3331 1237 3387 ed
1253 3332 1334 3394 Iliad.

145 3425 233 3495 Quod
267 3426 290 3482 si
323 3425 436 3496 feceret,
471 3426 571 3482 civitas
606 3422 716 3481 Eubulo
767 3419 800 3475 P·
823 3419 952 3494 p.1106.
975 3423 1068 3494 LQS.)
1086 3424 1154 3500 legit
1175 3426 1234 3484 τότ
1248 3432 1291 3485 τᾶ
1305 3431 1333 3488 in

143 3531 254 3582 certem
274 3521 397 3597 pecuniae
418 3539 560 3577 summam
583 3517 714 3593 (pretium
765 3515 871 3572 Theoc.
888 3515 971 3592 ldyll.
986 3517 1023 3574 V.
1038 3525 1089 3582 74.
1109 3531 1138 3577 et
1148 3521 1330 3580 casaubonus

141 3628 215 3692 pute
232 3614 429 3690 pabulationis)
447 3610 601 3690 pollicetur,
620 3621 649 3668 et
668 3627 715 3666 ee·
766 3610 847 3686 (ibid.
876 3616 954 3685 143.)
982 3613 1038 3668 κᾶτ
1062 3616 1114 3671 τό.
1156 3615 1246 3690 Supra
1270 3619 1332 3675 dedi

141 3717 210 3771 dem
228 3721 353 3786 tempore
369 3713 418 3787 jus
433 3709 508 3766 illius
527 3709 651 3785 pecuniae
672 3728 715 3766 ee-
763 3707 867 3776 καττδ,
889 3725 954 3764 curn
968 3707 1105 3776 omnibus,
1127 3719 1227 3782 praeter
1242 3713 1332 3770 Bdck-

140 3807 268 3866 cundnm
294 3805 369 3882 leges
396 3805 552 3880 repetendae
578 3805 713 3862 concedit.
763 3801 852 3868 bium,
873 3801 932 3857 haec
948 3801 1147 3875 ratiopleceat.
1189 3805 1236 3864 cf.
1252 3807 1331 3866 Duk.

137 3899 284 3974 Ἐννόμιον
306 3912 350 3960 est
375 3902 492 3977 pretium
517 3901 711 3975 pabulationis,
762 3897 797 3953 ed
817 3897 946 3972 Thucyd.
962 3897 1001 3955 V.
1016 3902 1065 3962 77·
1094 3899 1237 3975 Aristoph.
1254 3903 1329 3962 Ach.

139 4007 174 4056 ut
188 3993 351 4067 ἐλλιμένιον,
373 3997 489 4070 pecunia
506 3995 595 4053 soluta
614 4006 645 4052 ut
656 3995 711 4052 eol·
762 3997 830 4056 732.
844 3997 912 4054 751.
935 3991 1103 4067 Lys.1005.
1120 3991 1205 4052 1266.
1233 3995 1328 4054 Bdck-

137 4089 218 4148 venti
226 4091 274 4164 jus
289 4090 326 4147 sit
337 4100 447 4164 portum
461 4088 591 4147 intrandi.
619 4087 710 4146 Aliter
760 4087 823 4143 hius
850 4095 942 4143 autem
970 4086 1073 4146 κάττο.
1124 4089 1200 4147 Idem
1229 4099 1327 4164 μεῖνοτ,

138 4184 286 4245 Βὸεἰὼίιιε
311 4187 357 4260 qui
385 4206 435 4260 pro
460 4184 624 4265 ἐμτρᾶττῃ,
645 4211 710 4244 σου·
761 4205 814 4242 non
836 4183 923 4253 μεινδτ
944 4183 1042 4259 ubique
1063 4185 1145 4246 dedit.
