3250 5350
127 554 250 619 Iuscn.
276 550 351 629 lv.]

442 1115 592 1195 Cures.
621 1112 698 1191 VI.
754 1113 906 1192 lusan.
937 1110 1012 1190 lv,

349 1288 657 1431 lNSCRlPTlO
685 1352 1049 1428 WILTONIANA
1077 1353 1107 1425 1.

552 1607 642 1665 ΤΑΒ.
664 1608 731 1668 Lll.
773 1607 845 1665 Fra.
868 1608 906 1664 11.

656 1860 799 1898 *4-

129 2098 306 2165 Bimardius
323 2099 355 2162 in
374 2097 500 2181 Proleg.
519 2101 558 2161 ad
582 2099 735 2163 Murator.
752 2100 837 2164 Nov.
855 2100 953 2164 Thes.
975 2126 1006 2184 p.
1027 2108 1184 2165 35.-48.
1246 2094 1325 2160 Cor·

162 2206 237 2277 siu.
268 2210 355 2275 Dias.
385 2210 493 2295 Agon.
521 2188 587 2276 ΙΪΙ.
611 2236 643 2297 p.
661 2220 714 2276 53.
744 2224 776 2275 et
805 2212 884 2277 Not.
919 2212 1025 2277 Graec.
1061 2212 1187 2293 Proleg.
1219 2234 1253 2293 p.
1276 2217 1324 2279 17.

179 2324 274 2392 ΜιίῘ.
291 2324 383 2388 Mus.
395 2326 514 2389 Veron.
533 2335 652 2410 p.410.
671 2338 702 2389 et
714 2325 808 2389 Praef.
825 2329 863 2390 ad
875 2324 994 2391 Donat.
1017 2326 1132 2410 Suppl.
1144 2328 1183 2389 ad
1202 2324 1323 2391 Murat.

178 2438 381 2505 Nov.'1hes.
400 2464 433 2523 p.
455 2447 507 2511 19.
558 2438 701 2503 Fischer.
720 2437 872 2543 adtwell.
898 2439 1009 2505 Gram.
1026 2438 1086 2504 Gr.
1103 2438 1132 2501 Ι.
1151 2462 1188 2522 p.
1205 2444 1259 2501 24.

205 2607 331 2697 Hauc
360 2621 631 2719 inscriptionem
664 2645 688 2693 a
717 2616 1008 2693 Montefalconio
1041 2624 1228 2710 acceptam
1266 2615 1328 2690 Bi·

129 2757 300 2843 mardius,
327 2758 391 2853 qui
421 2756 557 2852 primus
585 2753 710 2841 edidit,
730 2755 777 2824 ab
811 2751 959 2824 Athleta
987 2749 1141 2845 quodam
1171 2748 1328 2822 Nemeae

127 2889 265 2962 victore
302 2889 453 2983 positam
489 2912 570 2960 esse
598 2886 747 2981 putavit.
799 2882 884 2957 Nec
913 2883 1106 2974 *Cossinius
1142 2886 1188 2957 de
1217 2886 1327 2985 hujus

128 3017 354 3117 monumenti
380 3018 451 3089 fide
477 3017 666 3089 dubitavit.
721 3014 792 3088 Sed
825 3015 998 3088 Maffeius
1029 3026 1065 3088 et
1083 3016 1328 3091 Viltoisonus¹

126 3148 290 3246 spurium
321 3169 400 3218 esse
429 3149 557 3218 merito
584 3146 719 3219 dixere.
772 3143 851 3217 En!
886 3145 1026 3217 Maffeii
1053 3119 1173 3219 verba.
1225 3150 1328 3222 “Pa-

126 3275 223 3347 risiis
247 3277 423 3372 degebam
444 3300 554 3370 quum
578 3273 860 3345 Moutfauconio
879 3273 1010 3344 accidit
1028 3285 1067 3346 ut
1085 3277 1244 3348 chartam
1260 3281 1328 3376 boc

125 3414 402 3476 monumentum
430 3406 663 3476 exhibentem
688 3405 818 3502 januae
851 3426 925 3474 suae
953 3406 1129 3503 repagulo
1157 3406 1326 3480 insertam

123 3557 268 3606 summo
303 3558 407 3605 mane
440 3533 738 3628 deprehenderet.
792 3532 968 3622 Quisnam
1004 3535 1203 3630 obtulisset,
1232 3563 1325 3611 nun-

123 3690 234 3763 quam
272 3665 364 3738 scire
395 3668 520 3761 potuit.
572 3668 793 3739 Adnotatum
825 3676 902 3738 erat
932 3668 969 3737 in
1003 3669 1137 3765 Anglia
1170 3669 1324 3766 lapidem

120 3795 314 3880 asservari,
341 3796 402 3865 sed
421 3819 494 3891 quo
511 3793 548 3865 in
566 3794 849 3867 loco-minime
863 3793 1099 3868 indicabatur.
1155 3795 1325 3888 Londini‚

121 3921 274 4008 Oxonii,
309 3919 565 4018 cantabrigiae,
600 3921 721 3994 inveni
750 3922 929 3992 neminem
967 3921 1100 4017 quide
1127 3920 1188 3993 illo
1217 3923 1323 4009 audi·

120 4049 486 4123 erit⁸.-Litemrurn
518 4049 643 4122 formae
672 4061 820 4146 aspectu
851 4053 951 4123 vario
983 4049 1205 4123 dissidebant
1232 4074 1256 4121 a
1273 4071 1324 4123 ‘se

119 4183 223 4280 ipsis.
277 4183 410 4255 Literae
457 4183 493 4253 iu
540 4183 661 4254 tabula
699 4183 794 4280 typis
844 4184 937 4256 datae
958 4183 1159 4280 'aliquanto
1204 4185 1324 4281 aptius

168 4412 310 4470 ¹viltois.
322 4415 430 4471 Anecd.
443 4415 497 4472 Gr.
512 4413 552 4470 11.
567 4433 594 4485 p.
612 4387 706 4478 169..
751 4422 840 4470 vatur.
894 4413 978 4472 Gent.
1010 4413 1092 4486 Meg.
1117 4411 1199 4470 Tom.
1230 4430 1323 4475 xxm.

164 4506 175 4537 ¹
197 4506 290 4563 Hodie
308 4509 381 4582 apud
403 4505 545 4563 Comitem
565 4507 597 4562 de
620 4509 699 4564 Pem·
750 4509 843 4585 April.
862 4515 947 4576 1752.

118 4603 209 4661 broke
224 4602 251 4661 in
267 4603 366 4662 Museo
387 4623 436 4665 suo
449 4602 619 4667 Wiltoniano
643 4623 698 4664 aer-
