3250 5350
814 501 857 560 Η
901 481 912 490 ”
1238 483 1383 583 [Cunus.
1403 501 1436 568 1.
1517 541 1519 546 ·

579 761 730 841 Curso.
759 762 797 842 1.
850 763 1004 846 Inson.
1033 767 1100 848 II.

476 955 791 1032 lNSCRIP'I'IO
826 960 1199 1042 BURGONIANA.

681 1159 774 1216 TAB.
793 1159 834 1217 11.
878 1161 950 1220 Fro.
973 1162 996 1222 1.

770 1337 903 1386 ..φ-

239 1485 352 1554 Clurku
385 1489 457 1554 ltin.
489 1489 585 1554 Tom.
619 1489 694 1554 Vll.
724 1516 760 1578 p.
784 1502 832 1556 tl.
883 1493 986 1568 (Θνο.)
1050 1494 1193 1578 Wulpole
1227 1497 1253 1560 I.
1293 1523 1324 1582 p.
1353 1507 1430 1566 458.

288 1587 449 1651 Dodweii.
467 1588 538 1652 Itin.
556 1588 584 1652 Ι.
612 1611 646 1672 p.
664 1597 740 1658 457.
792 1589 972 1674 Miliiugen.
988 1590 1125 1656 Ancient
1142 1595 1289 1658 unedited
1309 1595 1432 1660 Monu-

289 1698 404 1766 ments,
430 1711 466 1770 p.
488 1695 520 1750 2.

314 1822 422 1910 Huc
444 1837 555 1909 verbu
581 1835 752 1933 inscripto
783 1837 932 1908 suntin
961 1837 1137 1933 amphora
1166 1841 1260 1936 upud
1291 1841 1429 1914 Thoro.

238 1967 390 2066 Burgon
408 1965 572 2063 Smyrnoe
587 1974 783 2052 mserum,
810 1975 847 2038 et
863 1967 910 2039 uh
935 1991 980 2039 eo
998 1965 1036 2039 in
1060 1969 1253 2064 sepulchro
1271 1973 1428 2066 quodum

237 2099 361 2173 Attico
381 2108 538 2193 repertu,
565 2098 670 2196 cujus
697 2099 979 2193 descriptionem
1005 2099 1192 2175 oCluririo
1210 2099 1430 2197 exscriptam

237 2229 277 2301 in
311 2225 526 2322 Appendice
554 2225 693 2325 subjeci
706 2225 728 2296 ¹.
783 2225 915 2300 Litoris
944 2227 1354 2324 constantinopolitanis
1381 2229 1431 2301 itu

238 2361 423 2453 reddendo
447 2369 542 2432 sunt.

538 2523 598 2561 τον
620 2490 766 2574 ’thonnor
790 2486 898 2562 ἆθλον
922 2487 974 2570 ἑμι
1008 2487 1032 2559 ἱ.
1045 2513 1077 2562 e.

537 2625 606 2693 τῶν
624 2620 789 2698 Ἀθηνάων
808 2616 916 2693 ἆθλον
940 2623 1001 2705 sipi
1042 2618 1113 2711 veix

535 2755 604 2819 τῶν
626 2748 781 2832 :honneur
800 2745 906 2821 ἆθλον
931 2754 1005 2833 εἰμί.

313 2880 359 2954 Id
375 2879 613 2977 proculdubio
638 2879 744 2950 statui
773 2887 905 2973 potest,
929 2902 990 2951 vus
1015 2878 1140 2951 victori
1168 2877 1309 2949 cnidum
1336 2877 1430 2951 iudis

237 3015 393 3095 Athenis
419 3013 552 3088 habitis
578 3015 679 3085 dono
698 3014 819 3089 dutum
848 3036 939 3100 esse,
967 2996 1048 3086 cunr
1072 3014 1109 3085 in
1134 2994 1182 3087 'eo
1209 3011 1431 3111 effinguntur

238 3147 397 3225 hubonis
427 3154 465 3218 et
487 3142 670 3219 Minervas
696 3141 848 3241 effigies,
875 3144 1032 3239 taliaque
1050 3168 1133 3217 uusu
1150 3145 1185 3216 in
1203 3142 1296 3215 ludis
1314 3142 1429 3215 Athe-

237 3280 423 3359 niensibus
447 3277 622 3349 victorum
647 3274 796 3368 proemio
821 3296 900 3345 esse
926 3272 1011 3345 sutis
1037 3270 1209 3345 oonstet².

312 3408 557 3484 Biorniieidius
571 3407 723 3491 Ἀθηνέων
740 3430 806 3500 pro
822 3406 956 3490 Ἀθηνῶν
972 3405 1144 3500 scriptum
1165 3413 1279 3501 putot,
1306 3427 1429 3500 euque

237 3567 310 3642 quo
335 3562 430 3611 unus
446 3548 511 3609 'est
538 3535 714 3622 doctrino,
740 3535 902 3631 plurimis
927 3536 1013 3608 locis
1036 3560 1056 3609 e
1080 3534 1188 3607 uariis
1215 3534 1427 3607 auctoribus

235 3665 648 3745 udvomtis‘sententiurn
666 3663 889 3735 confirmut³.
942 3662 1013 3735 His
1035 3664 1154 3736 verbis
1178 3662 1309 3736 [utine
1340 3662 1431 3759 Epi·

236 3797 402 3900 graphen
428 3791 555 3865 reddit.
599 3790 803 3864 Proemium
825 3814 908 3864 sum
930 3791 975 3863 ab
999 3791 1088 3864 urhe
1116 3790 1270 3863 Athenis
1289 3788 1430 3865 dotum.

237 3930 367 4029 Negat
397 3934 518 3997 uutern
549 3922 745 4020 Knightius
769 3924 874 3994 ἆθλον
906 3946 986 3995 curn
1019 3920 1181 4019 genitivo
1205 3919 1429 3993 Athlothetae

279 4090 356 4149 ¹ct.
372 4091 450 4162 App.
462 4086 522 4145 No.
536 4090 566 4142 2.
897 4084 1016 4141 'Hom
1045 4082 1101 4140 Od.
1124 4082 1154 4138 Γ.
1170 4088 1238 4147 278.
1280 4082 1427 4155 Aristoph.

276 4181 289 4213 ¹
309 4184 423 4242 Pindur.
442 4181 531 4238 Nem.
545 4178 584 4236 X.
597 4174 647 4250 67.
691 4176 807 4234 Callim.
858 4173 934 4229 Nub.
949 4180 1018 4231 400.
1032 4172 1089 4249 (Cf.
1106 4174 1220 4230 Porson.
1239 4171 1343 4229 Collat.
1357 4172 1426 4230 MS.

237 4278 307 4353 frug.
323 4282 392 4335 122.
425 4272 529 4347 Scalig.
543 4273 578 4328 ad
593 4272 694 4329 Eusub.
714 4290 742 4345 p.
755 4276 806 4339 92.
858 4266 1004 4325 Harleian.
1028 4286 1055 4342 p.
1073 4270 1131 4345 14.)
1152 4266 1322 4342 Euphorion.
1350 4268 1425 4341 apud

239 4368 349 4429 Corsin.
368 4368 444 4425 Part.
459 4369 521 4424 Att.
537 4366 561 4423 i.
585 4383 615 4439 p.
628 4368 678 4421 st.
711 4364 806 4440 (Diss.
858 4360 994 4438 Hermog.
1016 4386 1046 4419 π.
1063 4390 1081 4421 ν.
1100 4382 1127 4438 p.
1138 4368 1208 4421 248.
1223 4363 1318 4441 α’τρέα
1339 4361 1426 4432 δῆμον

237 4468 263 4530 Ι.
279 4467 346 4543 25.)
366 4469 396 4519 et
420 4460 462 4520 11.
485 4479 513 4535 p.
528 4464 599 4524 237.
626 4458 722 4535 (Dios.
738 4476 805 4519 κη.
856 4458 987 4528 'Aemo
1013 4458 1100 4517 Plura
1112 4458 1231 4533 reperies
1245 4459 1319 4533 apud
1333 4458 1423 4515 Korn.

239 4564 304 4641 10.)
334 4558 447 4619 Jacobs.
468 4556 505 4613 ud
527 4554 646 4613 Anthoh
671 4555 804 4615 Animrd.
855 4560 882 4607 et
903 4550 1006 4609 schaet.
1035 4552 1069 4609 ud
1098 4552 1215 4627 Gregor.
1242 4569 1269 4630 p.
1284 4557 1353 4609 380.
1378 4552 1423 4607 od.

239 4658 306 4717 vot.
321 4657 345 4715 1.
366 4655 444 4713 Part.
458 4653 482 4712 Ι.
503 4671 531 4727 p.
542 4656 610 4711 245.
858 4647 959 4703 Srhaei.
