3250 5350
874 472 941 546 1‘1‘2
1284 481 1430 563 [Cesso.
1455 483 1512 546 lll.

322 652 404 742 sint,
435 655 687 749 explicaretur.
753 653 862 743 Quod
889 656 934 725 de
965 623 1195 747 praecedente
1225 676 1402 726 marmore
1434 625 1512 726 vere

322 788 390 860 dici
407 811 478 858 non
495 797 623 881 potest.
669 785 853 856 Praeterea
870 785 899 855 si
912 785 999 856 illud
1019 808 1175 856 marmor
1190 785 1334 857 vidisset
1348 785 1511 880 Sponius,

321 919 438 1014 potius
473 923 578 1012 quani
621 927 781 988 nostrum
827 916 1087 1012 exscripsisset,
1128 941 1211 988 curn
1250 917 1362 989 multo
1403 918 1513 1014 magis

322 1043 479 1116 notabile
514 1044 570 1113 sit.
601 1136 604 1142 Ι
635 1015 743 1132 Quod
776 1043 925 1114 nomina
958 1043 1099 1129 attinet,
1145 1053 1197 1116 tot
1233 1046 1512 1117 Atheniensibus

321 1173 420 1243 idem·
453 1195 585 1242 nomen
626 1181 715 1254 erat,
760 1183 800 1242 ut
834 1172 920 1242 nihil
953 1172 1086 1244 exinde
1121 1173 1294 1270 colligere
1328 1177 1511 1269 possimus.

322 1301 414 1374 lllud
442 1324 596 1373 marmor
628 1310 728 1372 certe
758 1301 1023 1372 Erechtheidos
1049 1302 1163 1372 tribus
1193 1304 1377 1398 proprium
1413 1316 1511 1389 erat;

236 1529 240 1538 .
321 1436 390 1506 hoc
417 1445 549 1519 autem,
582 1457 661 1504 cum
691 1433 810 1525 plures
839 1428 954 1503 tribus
983 1443 1166 1527 memoret,
1199 1433 1342 1528 publico
1370 1446 1509 1529 sumptu

321 1568 513 1639 excitatum
546 1589 624 1638 esse
658 1568 780 1638 credo.
841 1565 934 1637 Cum
972 1577 1093 1636 autern
1132 1566 1226 1636 inter
1264 1589 1304 1636 se
1339 1568 1511 1638 simillima

232 1707 234 1711 ’
320 1700 403 1783 sint,
421 1708 614 1793 utrumque
631 1697 754 1768 forsan
771 1698 899 1769 eodem
917 1698 1276 1793 tempore-sculptura
1291 1709 1355 1784 est,
1375 1711 1415 1770 ut
1432 1724 1510 1772 suos

320 1828 468 1901 tribules
506 1827 642 1921 (plures
677 1817 812 1897 scilicet
843 1823 1009 1916 nurnero)
1041 1827 1269 1912 Erechtheis,
1301 1839 1509 1901 caeterarum

319 1968 441 2030 autem
469 1956 627 2028 tribuum
654 1955 803 2027 tribules
830 1957 924 2046 (cunr
952 1957 1106 2054 singulm
1129 1981 1213 2029 suos
1234 1959 1370 2030 honore
1391 1961 1512 2032 debito

320 2083 492 2186 prosequi
508 2100 572 2158 aut
588 2088 785 2182 nequirent
801 2096 866 2159 aut
882 2086 1035 2179 nollent)
1056 2088 1261 2183 respublica
1279 2092 1512 2164 monumento

318 2221 518 2290 decoraret.
570 2215 643 2288 Sed
668 2225 791 2287 nostro
817 2207 993 2287 marmori
1007 2217 1132 2288 titulus
1154 2218 1269 2303 deest,
1293 2242 1405 2313 quare
1426 2219 1515 2292 nihil

318 2351 407 2424 certi
434 2349 539 2421 statui
566 2359 693 2443 potest.
970 2323 975 2330 ⁵

393 2480 628 2554 Abbreviatio
667 2483 742 2572 (res
775 2452 930 2568 insolita,
973 2493 1013 2554 ut
1044 2485 1081 2556 in
1127 2476 1402 2581 Prolegomenis
1431 2476 1513 2582 jam

316 2611 451 2684 dictum
474 2611 544 2700 est)
562 2607 600 2681 in
628 2611 696 2682 hnc
716 2634 892 2684 marmore
915 2613 969 2683 bis
989 2613 1219 2709 conspicitur,
1246 2622 1355 2689 ΤΡΙΕ
1378 2638 1427 2689 sc.
1445 2639 1512 2710 pro

280 2838 282 2843 ,
314 2740 644 2821 rerersrxoxk
1099 2728 1107 2739 ‘

357 2952 365 2985 ¹
388 2948 433 3007 Cl.
448 2946 530 3009 urar.
550 2948 669 3025 ‹le-Sigl.
686 2952 781 3011 Graec.
805 2970 833 3027 p.
847 2961 897 3019 72.
937 2954 1048 3014 Corsin.
1070 2938 1138 3018 Not.
1157 2961 1252 3020 Graec.
1270 2980 1298 3036 p.
1313 2960 1364 3021 68.
1384 2973 1412 3020 et
1430 2966 1509 3024 Fast.

1266 3059 1330 3118 Λα.
1346 3058 1370 3115 l.
1391 3078 1421 3132 p.
1438 3066 1509 3127 159.
