3250 5350
156 418 285 483 lusca.
309 406 423 510 vlit]
723 418 791 501 173

229 600 255 631 “
269 593 389 665 Anias
421 584 613 690 utriusque
645 592 768 689 templi
800 592 913 665 Attici
941 592 990 664 al>
1019 592 1225 665 architectis
1256 594 1351 667 visua

152 734 301 820 perstas
333 722 481 795 memini
509 724 557 796 ob
588 724 733 797 nimiam
762 726 998 823 gracilitatem
1031 737 1069 799 et
1097 727 1348 800 tenuitatem¹.

153 854 224 926 Est
247 876 334 925 sane
352 874 395 925 ea
413 852 557 927 insolita
581 864 618 926 et
642 855 754 928 habet
776 858 875 951 quod
899 855 1087 951 displicere
1104 858 1225 951 possit
1277 858 1351 931 Sed

154 1004 231 1081 qua
258 994 357 1055 antae
390 985 436 1056 ad
472 985 655 1058 columnas
688 994 866 1081 spectant,
886 986 1023 1084 justam
1052 987 1190 1059 habent
1225 988 1351 1061 crassi·

153 1112 341 1187 tudinem:
372 1111 483 1185 altera
502 1123 638 1185 -anlem
665 1122 779 1209 parte,
815 1136 888 1208 qua
915 1114 963 1184 ad
1003 1114 1177 1207 parietem
1210 1116 1350 1208 pertin·

152 1248 262 1337 gunt,
307 1241 395 1313 nilril
434 1242 518 1313 inde
557 1240 654 1314 ellici
689 1242 809 1326 debet,
853 1262 960 1335 quam
999 1262 1123 1337 margo
1158 1248 1197 1312 et
1235 1240 1351 1313 linitio

155 1372 326 1463 quaedam
361 1370 510 1466 parietis
527 1400 531 1406 ·
546 1372 715 1445 indicata.
782 1371 1038 1443 Verumtamen
1077 1380 1115 1443 et
1148 1372 1217 1445 hac
1251 1378 1352 1467 parte

153 1512 258 1574 antas
285 1505 513 1598 postmodum
539 1502 683 1577 latiores
709 1504 831 1575 iacere
853 1501 1166 1597 praecipiebatur.¹'

231 1641 256 1677 “
272 1632 451 1729 Capitalia
484 1646 660 1709 antarum
689 1636 885 1732 pulvinata,
912 1634 1033 1731 qualia
1065 1634 1237 1729 templum
1272 1634 1351 1709 Prid

155 1786 300 1837 enaeum
342 1774 379 1837 et
418 1765 648 1863 Didymeum
693 1766 842 1851 habent,
883 1777 957 1838 tum
1000 1751 1160 1838 noudum
1205 1766 1352 1843 inventa

154 1892 279 1981 fuisse,
313 1892 436 1965 existit
468 1893 672 1967 verisimile.
745 1894 857 1967 Attici
891 1894 1004 1989 igitur
1044 1893 1221 1967 Doricum
1253 1897 1351 1992 capi·

155 2015 274 2089 tulum
306 2017 353 2087 ad
387 2026 491 2095 antus
524 2014 730 2089 translatum
767 2018 873 2088 modo
908 2015 1034 2087 lonico
1070 2030 1349 2092 exornaverunt.

156 2143 259 2215 Nam
299 2155 585 2240 composuerunt
636 2145 815 2239 plinthum
862 2169 944 2217 cum
991 2144 1133 2239 duplice
1186 2151 1350 2244 cymatio,

155 2272 344 2369 superiore
379 2272 525 2357 Lesbio,
560 2272 732 2346 inferiore
762 2274 904 2359 simato,
941 2284 1052 2368 atque
1081 2273 1352 2369 hypotrachelio

154 2426 266 2497 supra
292 2400 485 2495 descripto.
537 2399 644 2489 Quod
663 2399 883 2494 capitelium,
911 2400 1018 2471 etiam
1043 2400 1241 2493 perietibus
1265 2404 1350 2474 sub·

154 2541 212 2602 ter
229 2526 435 2624 epistylium
454 2528 649 2625 adjectum,
678 2530 723 2597 de
746 2527 915 2622 epicrano
939 2526 1225 2622 ἑπικρανίτιδα
1250 2531 1350 2602 dixe-

154 2667 265 2730 runt:
297 2681 371 2753 quo
397 2656 544 2729 nomine
572 2654 756 2750 inscriptio
782 2680 848 2727 nos
872 2656 1051 2729 donarit.''

234 2798 259 2832 “
271 2787 446 2885 Epratplii
473 2787 594 2861 fasciae
631 2800 702 2862 tres
731 2792 777 2863 ad
807 2791 1107 2886 perpendiculum
1138 2794 1245 2866 iactae
1272 2795 1352 2867 alti-

152 2921 282 2994 tudine
321 2919 398 2992 fere
430 2917 590 3016 aequales
626 2922 753 2993 cunti:
799 2929 937 2991 tanturn
971 2921 1009 2991 in
1042 2921 1183 3016 porticu
1213 2921 1353 2996 minore

154 3077 366 3150 supremam
396 3051 516 3148 paullo
546 3051 715 3149 majorem
745 3051 865 3122 facere
891 3053 1004 3124 visum
1030 3053 1125 3137 θεῖ’,
1151 3053 1238 3148 quia
1255 3055 1352 3127 ·huic

153 3186 300 3260 scutula
322 3195 536 3259 ornamento
561 3183 726 3280 apposita
749 3195 877 3255 erant·
905 3185 976 3256 Sed
1000 3181 1217 3281 ignorabant
1241 3187 1353 3258 Attici

154 3319 304 3415 regulas
321 3317 562 3404 Vitruvianas,
591 3337 681 3410 quas
707 3314 766 3385 hic
790 3337 836 3386 ex
864 3312 993 3408 opticis
1015 3311 1152 3385 caussis
1179 3314 1350 3388 deducit:

153 3469 365 3544 quanquam
396 3469 419 3517 a
450 3444 635 3542 plerisque
664 3445 742 3516 aliis
776 3444 995 3517 observatas.
1048 3445 1097 3516 At
1125 3443 1243 3518 inanis
1274 3446 1352 3519 illas

153 3577 315 3674 regulas,
356 3575 433 3648 fere
482 3598 607 3648 omnes
656 3573 900 3644 consentiunt.
978 3571 1105 3643 Potius
1145 3573 1353 3671 projectum

153 3705 352 3803 superioris
379 3706 557 3804 cujusque
589 3703 711 3778 fasciae
738 3703 902 3775 umbram
929 3701 1049 3789 efficit,
1076 3726 1148 3798 qua
1170 3703 1352 3776 altitudini

153 3839 331 3936 subjectae
360 3836 494 3934 aliquid
529 3838 728 3909 detractum
767 3835 929 3908 videtur:
968 3835 1018 3906 ita
1057 3844 1097 3906 ut
1132 3837 1349 3908 contrarium

198 4126 306 4183 ¹Hnt.
335 4124 355 4182 l.
378 4125 402 4184 l.
431 4143 457 4200 p.
489 4131 555 4184 113.
607 4126 732 4182 Omnino
783 4133 892 4183 mman-
904 4142 952 4180 eas
984 4124 1020 4177 ab
1052 4121 1110 4178 illis
1144 4117 1298 4183 inconsulto
1323 4128 1364 4180 et·

151 4239 286 4279 summus
320 4217 368 4274 hic
391 4218 435 4274 vir
468 4218 589 4275 artificem
622 4218 732 4276 Atticos
781 4231 884 4278 temere
895 4227 1002 4293 spretas
1016 4234 1077 4274 esse
1094 4209 1231 4272 credibile.

149 4317 260 4391 saepius
303 4313 478 4388 reprehendit
515 4315 550 4370 ob
592 4315 731 4391 neglectas
819 4317 934 4389 ‘Supn
959 4312 993 4378 7⁸*
1016 4319 1046 4370 3.
1075 4310 1150 4369 med.
1178 4308 1212 4375 T*
1237 4317 1267 4372 3.
1300 4314 1351 4374 ini.

148 4407 267 4482 regulas
297 4405 487 4477 Vitruvianas‚
517 4423 586 4480 quas
618 4407 663 4464 hic
695 4407 730 4462 ab
781 4411 875 4474 7“35.
918 4405 1000 4466 Εῐ6“
1013 4401 1180 4464 Q-ffl—o*
1193 4413 1243 4476 95.

150 4506 261 4566 Iom'cis
286 4503 444 4563 architectis
462 4505 588 4563 duxerat.
632 4504 730 4587 Neque
819 4507 831 4536 ³
851 4506 886 4560 tl
899 4500 1137 4560 85-4**55-4l
1149 4507 1199 4558 45.
