3250 5350
1159 468 1165 477 '
1286 454 1437 537 [Cnnss.
1462 455 1517 517 VI.

645 984 797 1063 Crnss.
821 982 899 1061 v1.
945 980 1098 1061 lnscn.
1123 982 1189 1067 II.

618 1198 987 1271 1Nscn1PT10
1022 1194 1231 1273 'sAM1A.

750 1418 842 1477 rin.
865 1398 913 1474 n'.
958 1420 1028 1477 no.
1054 1421 1090 1477 11.

859 1634 989 1677 ἡ..

678 1824 857 1887 Cockerell.
873 1840 903 1888 et
921 1826 1063 1908 Hughes.
1083 1825 1159 1889 MS.

398 1984 692 2072 Cocnrnnnmns
714 1998 752 2067 in
774 1995 882 2067 Samo
906 1984 1022 2067 insuia
1040 1998 1199 2091 teporem
1218 2020 1514 2093 aeneo-cupreum

321 2140 457 2203 emtum
472 2128 617 2199 domum
635 2124 766 2212 attulit,
793 2126 896 2223 cujus
921 2124 958 2195 in
984 2148 1057 2197 uno
1087 2126 1297 2197 elateribus
1324 2136 1362 2198 et
1388 2137 1513 2199 ventre

321 2290 367 2338 ea
393 2264 526 2359 scripta
549 2272 634 2335 snnt
657 2286 740 2357 quae
765 2261 803 2331 in
835 2261 958 2333 tabula
985 2262 1143 2333 exhibui.
1190 2265 1291 2359 Opus
1327 2265 1413 2335 satis
1449 2262 1515 2334 ela-

319 2398 485 2467 boratum
503 2393 643 2464 videtur
660 2392 708 2461 ita
736 2400 778 2461 ut
800 2392 897 2461 haud
920 2414 966 2462 ex
985 2391 1242 2485 antiquissimis
1266 2417 1344 2464 esse
1354 2395 1514 2491 judices.

319 2524 517 2622 Knightins
542 2533 605 2594 aut
636 2522 792 2617 spuriam
820 2532 885 2594 ant
912 2522 1102 2594 barbaram
1133 2523 1404 2618 inscriptionem
1435 2548 1514 2594 esse

318 2664 433 2751 putat,
469 2677 581 2749 quare
617 2652 653 2724 in
689 2654 782 2724 hanc
818 2652 937 2747 operis
971 2662 1109 2747 partem
1145 2654 1316 2750 relegavi,
1352 2651 1513 2748 quamvis

319 2782 444 2853 nescio
474 2805 522 2851 an
552 2781 627 2853 viro
651 2779 858 2852 doctissimo
879 2779 1026 2850 omnino
1049 2779 1233 2852 assentiar.
1288 2779 1375 2850 Mos
1410 2780 1515 2865 βουσ·

319 2903 489 3003 τροφηδόν
534 2907 714 2979 scribendi
760 2906 822 2977 diu
870 2916 949 3001 post
996 2907 1124 3003 long-rs
1171 2906 1309 2978 vocales
1348 2907 1513 2978 inventas

319 3037 541 3122 servabatur,
587 3047 627 3108 ut
666 3062 713 3109 ex
756 3037 990 3132 inscriptione
1036 3038 1188 3130 septima
1232 3038 1343 3110 Class.
1385 3041 1514 3132 prims

317 3169 498 3242 discimus.
551 3168 607 3239 lte
632 3170 711 3241 hoec
739 3167 825 3238 mihi
851 3168 973 3265 legere
1000 3166 1144 3250 videor3

720 3300 769 3382 τῷ
794 3294 974 3365 Ἀπόλλωνι
1000 3299 1050 3384 τῷ
1075 3324 1100 3360 τ

716 3429 842 3530 ‘mista’

716 3720 768 3766 κεν
793 3687 993 3758 Ἡθαισοίων.

394 3821 465 3892 Sed
494 3842 559 3914 pro
586 3823 685 3917 ταμίῃ
714 3815 753 3909 (ἰ.
784 3838 819 3887 e.
846 3813 973 3906 ταμίαι)
1001 3817 1037 3887 in
1064 3815 1181 3911 lepide
1213 3824 1337 3886 extare
1371 3817 1515 3889 videtur

319 3947 524 4048 hujusmodi
559 3945 706 4042 aliquid,
745 3956 902 4030 ταμιηληι
937 3956 973 4018 et
1016 3946 1094 4018 voci
1136 3947 1327 4018 Ἠθαισάων
1376 3947 1514 4018 nullum
1575 3987 1576 4000 ι

318 4103 450 4155 nomen
490 4076 659 4148 Graecum
691 4075 804 4145 simile
834 4085 933 4147 certe
968 4075 1053 4147 vidi.
1104 4075 1177 4146 Alii
1211 4075 1331 4147 forsan
1368 4077 1514 4149 mallent
1575 4155 1576 4158 Ἴ

317 4212 439 4310 legere
468 4207 559 4291 Θαῒς,
586 4204 724 4276 caeteris
746 4202 857 4273 literis
884 4203 921 4274 in
950 4203 1067 4276 medio
1094 4204 1238 4277 relictis.
1575 4167 1576 4176 ἵ
