<?xml version="1.0" encoding="UTF-8"?>
<!DOCTYPE html PUBLIC "-//W3C//DTD XHTML 1.0 Transitional//EN"
    "http://www.w3.org/TR/xhtml1/DTD/xhtml1-transitional.dtd">
<html xmlns="http://www.w3.org/1999/xhtml" xml:lang="en" lang="en">
 <head>
  <title>
</title>
<meta http-equiv="Content-Type" content="text/html;charset=utf-8" />
  <meta name='ocr-system' content='tesseract 3.04.00' />
  <meta name='ocr-capabilities' content='ocr_page ocr_carea ocr_par ocr_line ocrx_word'/>
</head>
<body>
  <div class='ocr_page' id='page_1' title='image "./inscriptionesgr01rosegoog_0012.png"; bbox 0 0 3250 5350; ppageno 0'>
   <div class='ocr_carea' id='block_1_1' title="bbox 179 928 1376 2223">
    <p class='ocr_par' dir='ltr' id='par_1_1' title="bbox 181 928 1376 1574">
     <span class='ocr_line' id='line_1_1' title="bbox 224 928 1376 1041; baseline -0.003 -26"><span class='ocrx_word' id='word_1_1' title='bbox 224 967 228 976; x_wconf 95' lang='lat'><em>·</em></span> <span class='ocrx_word' id='word_1_2' title='bbox 260 931 383 1022; x_wconf 84' lang='lat' dir='ltr'><strong>Qourr</strong></span> <span class='ocrx_word' id='word_1_3' title='bbox 410 948 665 1040; x_wconf 83' lang='lat' dir='ltr'><strong>posteaquam</strong></span> <span class='ocrx_word' id='word_1_4' title='bbox 695 941 753 1016; x_wconf 87' lang='lat' dir='ltr'><strong>hic</strong></span> <span class='ocrx_word' id='word_1_5' title='bbox 783 941 876 1016; x_wconf 86' lang='lat' dir='ltr'><strong>liber</strong></span> <span class='ocrx_word' id='word_1_6' title='bbox 903 965 925 1016; x_wconf 92' lang='lat' dir='ltr'><strong>e</strong></span> <span class='ocrx_word' id='word_1_7' title='bbox 950 939 1164 1041; x_wconf 71' lang='lat' dir='ltr'>typographi</span> <span class='ocrx_word' id='word_1_8' title='bbox 1180 928 1376 1014; x_wconf 78' lang='lat' dir='ltr'><strong>&#39;manibus&#39;</strong></span> 
     </span>
     <span class='ocr_line' id='line_1_2' title="bbox 185 1069 1361 1174; baseline -0.001 -28"><span class='ocrx_word' id='word_1_9' title='bbox 185 1072 417 1160; x_wconf 75' lang='lat' dir='ltr'><strong>emitteretur,</strong></span> <span class='ocrx_word' id='word_1_10' title='bbox 435 1083 541 1147; x_wconf 87' lang='lat' dir='ltr'><strong>antea</strong></span> <span class='ocrx_word' id='word_1_11' title='bbox 562 1083 681 1148; x_wconf 79' lang='lat' dir='ltr'><strong>autem</strong></span> <span class='ocrx_word' id='word_1_12' title='bbox 707 1097 813 1174; x_wconf 90' lang='lat' dir='ltr'><strong>quam</strong></span> <span class='ocrx_word' id='word_1_13' title='bbox 833 1075 869 1147; x_wconf 94' lang='lat' dir='ltr'><strong>in</strong></span> <span class='ocrx_word' id='word_1_14' title='bbox 899 1073 1015 1148; x_wconf 90' lang='lat' dir='ltr'><strong>lucem</strong></span> <span class='ocrx_word' id='word_1_15' title='bbox 1039 1073 1096 1148; x_wconf 92' lang='lat' dir='ltr'><strong>edi</strong></span> <span class='ocrx_word' id='word_1_16' title='bbox 1120 1069 1361 1171; x_wconf 72' lang='lat' dir='ltr'><strong>postetuale·</strong></span> 
     </span>
     <span class='ocr_line' id='line_1_3' title="bbox 184 1202 1362 1305; baseline -0.002 -27"><span class='ocrx_word' id='word_1_17' title='bbox 184 1204 316 1279; x_wconf 86' lang='lat' dir='ltr'><strong>tudinis</strong></span> <span class='ocrx_word' id='word_1_18' title='bbox 329 1211 453 1294; x_wconf 67' lang='lat' dir='ltr'><strong>&#39;cauam</strong></span> <span class='ocrx_word' id='word_1_19' title='bbox 471 1206 540 1280; x_wconf 91' lang='lat' dir='ltr'><strong>iter</strong></span> <span class='ocrx_word' id='word_1_20' title='bbox 567 1206 603 1279; x_wconf 94' lang='lat' dir='ltr'><strong>in</strong></span> <span class='ocrx_word' id='word_1_21' title='bbox 632 1205 862 1282; x_wconf 75' lang='lat' dir='ltr'>Germaniam</span> <span class='ocrx_word' id='word_1_22' title='bbox 886 1217 996 1305; x_wconf 87' lang='lat' dir='ltr'><strong>atque</strong></span> <span class='ocrx_word' id='word_1_23' title='bbox 1020 1205 1161 1280; x_wconf 90' lang='lat' dir='ltr'><strong>Italiam</strong></span> <span class='ocrx_word' id='word_1_24' title='bbox 1186 1202 1362 1301; x_wconf 78' lang='lat' dir='ltr'><strong>suscepis-</strong></span> 
     </span>
     <span class='ocr_line' id='line_1_4' title="bbox 183 1335 1361 1436; baseline 0 -28"><span class='ocrx_word' id='word_1_25' title='bbox 183 1359 273 1421; x_wconf 86' lang='lat' dir='ltr'><strong>sem,</strong></span> <span class='ocrx_word' id='word_1_26' title='bbox 292 1358 405 1433; x_wconf 87' lang='lat' dir='ltr'><strong>pauca</strong></span> <span class='ocrx_word' id='word_1_27' title='bbox 427 1335 463 1408; x_wconf 93' lang='lat' dir='ltr'><strong>in</strong></span> <span class='ocrx_word' id='word_1_28' title='bbox 481 1347 632 1436; x_wconf 86' lang='lat' dir='ltr'><strong>utraque</strong></span> <span class='ocrx_word' id='word_1_29' title='bbox 649 1337 798 1436; x_wconf 83' lang='lat' dir='ltr'><strong>regione</strong></span> <span class='ocrx_word' id='word_1_30' title='bbox 817 1337 950 1427; x_wconf 86' lang='lat' dir='ltr'><strong>inueni,</strong></span> <span class='ocrx_word' id='word_1_31' title='bbox 971 1341 1061 1435; x_wconf 81' lang='lat' dir='ltr'><strong>quae&#39;</strong></span> <span class='ocrx_word' id='word_1_32' title='bbox 1079 1335 1137 1409; x_wconf 87' lang='lat' dir='ltr'><strong>hic</strong></span> <span class='ocrx_word' id='word_1_33' title='bbox 1153 1357 1234 1408; x_wconf 88' lang='lat' dir='ltr'><strong>cam</strong></span> <span class='ocrx_word' id='word_1_34' title='bbox 1250 1335 1361 1408; x_wconf 85' lang='lat' dir='ltr'><strong>lecto·</strong></span> 
     </span>
     <span class='ocr_line' id='line_1_5' title="bbox 181 1461 1246 1574; baseline 0.006 -35"><span class='ocrx_word' id='word_1_35' title='bbox 181 1461 671 1542; x_wconf 82' lang='lat' dir='ltr'><strong>riboscommuuicarerolo.</strong></span> <span class='ocrx_word' id='word_1_36' title='bbox 1240 1563 1246 1574; x_wconf 27' lang='lat'><strong>·</strong></span> 
     </span>
    </p>

    <p class='ocr_par' dir='ltr' id='par_1_2' title="bbox 179 1595 1360 2223">
     <span class='ocr_line' id='line_1_6' title="bbox 230 1595 1359 1698; baseline 0.001 -28"><span class='ocrx_word' id='word_1_37' title='bbox 230 1631 233 1639; x_wconf 91' lang='lat'>·</span> <span class='ocrx_word' id='word_1_38' title='bbox 257 1597 299 1671; x_wconf 90' lang='lat' dir='ltr'><strong>P.</strong></span> <span class='ocrx_word' id='word_1_39' title='bbox 316 1613 371 1674; x_wconf 84' lang='grc'><strong>14.</strong></span> <span class='ocrx_word' id='word_1_40' title='bbox 408 1595 517 1673; x_wconf 84' lang='lat' dir='ltr'><strong>Extat</strong></span> <span class='ocrx_word' id='word_1_41' title='bbox 544 1599 651 1674; x_wconf 92' lang='lat' dir='ltr'><strong>hodie</strong></span> <span class='ocrx_word' id='word_1_42' title='bbox 673 1601 768 1698; x_wconf 83' lang='lat' dir='ltr'><strong>apud</strong></span> <span class='ocrx_word' id='word_1_43' title='bbox 792 1599 971 1676; x_wconf 75' lang='lat' dir='ltr'><strong>Batonem</strong></span> <span class='ocrx_word' id='word_1_44' title='bbox 988 1599 1195 1689; x_wconf 75' lang='lat' dir='ltr'><strong>Kollerum,</strong></span> <span class='ocrx_word' id='word_1_45' title='bbox 1209 1599 1359 1674; x_wconf 81' lang='lat' dir='ltr'><strong>alterum</strong></span> 
     </span>
     <span class='ocr_line' id='line_1_7' title="bbox 179 1729 1358 1832; baseline -0.001 -28"><span class='ocrx_word' id='word_1_46' title='bbox 179 1755 201 1804; x_wconf 91' lang='lat' dir='ltr'><strong>c</strong></span> <span class='ocrx_word' id='word_1_47' title='bbox 245 1730 397 1806; x_wconf 85' lang='lat' dir='ltr'><strong>ducibus</strong></span> <span class='ocrx_word' id='word_1_48' title='bbox 439 1731 618 1808; x_wconf 83' lang='lat' dir='ltr'><strong>Austriaei</strong></span> <span class='ocrx_word' id='word_1_49' title='bbox 662 1732 841 1808; x_wconf 82' lang='lat' dir='ltr'><strong>exercitus</strong></span> <span class='ocrx_word' id='word_1_50' title='bbox 884 1755 1036 1832; x_wconf 80' lang='lat' dir='ltr'><strong>regnum</strong></span> <span class='ocrx_word' id='word_1_51' title='bbox 1078 1729 1358 1828; x_wconf 85' lang='lat' dir='ltr'><strong>Neapolitanum</strong></span> 
     </span>
     <span class='ocr_line' id='line_1_8' title="bbox 180 1859 1360 1962; baseline 0.003 -31"><span class='ocrx_word' id='word_1_52' title='bbox 180 1859 351 1948; x_wconf 85' lang='lat' dir='ltr'><strong>tenentis,</strong></span> <span class='ocrx_word' id='word_1_53' title='bbox 376 1860 490 1935; x_wconf 83' lang='lat' dir='ltr'><strong>virum</strong></span> <span class='ocrx_word' id='word_1_54' title='bbox 513 1861 617 1962; x_wconf 87' lang='lat' dir='ltr'><strong>cujus</strong></span> <span class='ocrx_word' id='word_1_55' title='bbox 639 1861 817 1962; x_wconf 79' lang='lat' dir='ltr'><strong>insignem</strong></span> <span class='ocrx_word' id='word_1_56' title='bbox 847 1861 1052 1938; x_wconf 83' lang='lat' dir='ltr'><strong>comitatem</strong></span> <span class='ocrx_word' id='word_1_57' title='bbox 1073 1861 1214 1936; x_wconf 81' lang='lat' dir='ltr'><strong>silentio</strong></span> <span class='ocrx_word' id='word_1_58' title='bbox 1232 1869 1360 1959; x_wconf 82' lang='lat' dir='ltr'><strong>praete·</strong></span> 
     </span>
     <span class='ocr_line' id='line_1_9' title="bbox 181 1989 1359 2094; baseline 0 -28"><span class='ocrx_word' id='word_1_59' title='bbox 181 1992 255 2066; x_wconf 88' lang='lat' dir='ltr'><strong>rire</strong></span> <span class='ocrx_word' id='word_1_60' title='bbox 272 1992 373 2066; x_wconf 84' lang='lat' dir='ltr'><strong>nelos</strong></span> <span class='ocrx_word' id='word_1_61' title='bbox 387 2004 491 2084; x_wconf 83' lang='lat' dir='ltr'><strong>eaeet,</strong></span> <span class='ocrx_word' id='word_1_62' title='bbox 510 2017 571 2069; x_wconf 85' lang='lat' dir='ltr'><strong>vas</strong></span> <span class='ocrx_word' id='word_1_63' title='bbox 590 2017 758 2094; x_wconf 84' lang='lat' dir='ltr'><strong>magnum</strong></span> <span class='ocrx_word' id='word_1_64' title='bbox 775 1994 813 2068; x_wconf 93' lang='lat' dir='ltr'><strong>in</strong></span> <span class='ocrx_word' id='word_1_65' title='bbox 833 1995 1000 2070; x_wconf 73' lang='lat' dir='ltr'><strong>Calabria</strong></span> <span class='ocrx_word' id='word_1_66' title='bbox 1016 2005 1209 2094; x_wconf 85' lang='lat' dir='ltr'><strong>repertum,</strong></span> <span class='ocrx_word' id='word_1_67' title='bbox 1226 2003 1263 2068; x_wconf 91' lang='lat' dir='ltr'><strong>et</strong></span> <span class='ocrx_word' id='word_1_68' title='bbox 1273 1989 1359 2067; x_wconf 86' lang='lat' dir='ltr'><strong>huic</strong></span> 
     </span>
     <span class='ocr_line' id='line_1_10' title="bbox 182 2123 1359 2223; baseline 0.001 -26"><span class='ocrx_word' id='word_1_69' title='bbox 182 2123 419 2223; x_wconf 83' lang='lat' dir='ltr'><strong>Burgoniano</strong></span> <span class='ocrx_word' id='word_1_70' title='bbox 443 2123 668 2198; x_wconf 86' lang='lat' dir='ltr'><strong>simillimum.</strong></span> <span class='ocrx_word' id='word_1_71' title='bbox 720 2123 774 2198; x_wconf 89' lang='lat' dir='ltr'><strong>lbi</strong></span> <span class='ocrx_word' id='word_1_72' title='bbox 793 2123 962 2200; x_wconf 79' lang='lat' dir='ltr'><strong>Minerva</strong></span> <span class='ocrx_word' id='word_1_73' title='bbox 987 2149 1086 2202; x_wconf 88' lang='lat' dir='ltr'><strong>more</strong></span> <span class='ocrx_word' id='word_1_74' title='bbox 1110 2123 1359 2222; x_wconf 85' lang='lat' dir='ltr'><strong>antiquissimo</strong></span> 
     </span>
    </p>
   </div>
   <div class='ocr_carea' id='block_1_2' title="bbox 179 2247 1358 2486">
    <p class='ocr_par' dir='ltr' id='par_1_3' title="bbox 179 2247 1358 2486">
     <span class='ocr_line' id='line_1_11' title="bbox 179 2247 1358 2357; baseline 0.002 -29"><span class='ocrx_word' id='word_1_75' title='bbox 179 2251 518 2353; x_wconf 83' lang='lat' dir='ltr'><strong>effingitur-vestis</strong></span> <span class='ocrx_word' id='word_1_76' title='bbox 540 2277 639 2330; x_wconf 85' lang='lat' dir='ltr'><strong>more</strong></span> <span class='ocrx_word' id='word_1_77' title='bbox 656 2255 806 2330; x_wconf 88' lang='lat' dir='ltr'><strong>Etrusco</strong></span> <span class='ocrx_word' id='word_1_78' title='bbox 828 2267 975 2330; x_wconf 88' lang='lat' dir='ltr'><strong>ornatur</strong></span> <span class='ocrx_word' id='word_1_79' title='bbox 1001 2247 1358 2357; x_wconf 62' lang='lat' dir='ltr'><strong>(ffifflli</strong></span> 
     </span>
     <span class='ocr_line' id='line_1_12' title="bbox 180 2381 1358 2486; baseline 0.004 -31"><span class='ocrx_word' id='word_1_80' title='bbox 180 2381 369 2457; x_wconf 87' lang='lat' dir='ltr'><strong>cassidem·</strong></span> <span class='ocrx_word' id='word_1_81' title='bbox 385 2407 467 2458; x_wconf 90' lang='lat' dir='ltr'><strong>cum</strong></span> <span class='ocrx_word' id='word_1_82' title='bbox 495 2383 601 2458; x_wconf 85' lang='lat' dir='ltr'><strong>crista</strong></span> <span class='ocrx_word' id='word_1_83' title='bbox 625 2408 822 2486; x_wconf 82' lang='lat' dir='ltr'><strong>pennagna</strong></span> <span class='ocrx_word' id='word_1_84' title='bbox 847 2396 884 2459; x_wconf 87' lang='lat' dir='ltr'><strong>et</strong></span> <span class='ocrx_word' id='word_1_85' title='bbox 900 2386 1065 2486; x_wconf 81' lang='lat' dir='ltr'><strong>clypeam</strong></span> <span class='ocrx_word' id='word_1_86' title='bbox 1093 2385 1254 2486; x_wconf 51' lang='lat' dir='ltr'><strong>gerit‘et</strong></span> <span class='ocrx_word' id='word_1_87' title='bbox 1277 2387 1358 2460; x_wconf 88' lang='lat' dir='ltr'><strong>has·</strong></span> 
     </span>
    </p>
   </div>
   <div class='ocr_carea' id='block_1_3' title="bbox 177 2515 1357 2881">
    <p class='ocr_par' dir='ltr' id='par_1_4' title="bbox 177 2515 1357 2881">
     <span class='ocr_line' id='line_1_13' title="bbox 180 2515 1357 2618; baseline 0 -28"><span class='ocrx_word' id='word_1_88' title='bbox 180 2527 252 2590; x_wconf 90' lang='lat' dir='ltr'><strong>tam</strong></span> <span class='ocrx_word' id='word_1_89' title='bbox 279 2517 465 2592; x_wconf 84' lang='lat' dir='ltr'><strong>minaciter</strong></span> <span class='ocrx_word' id='word_1_90' title='bbox 489 2516 614 2592; x_wconf 84' lang='lat' dir='ltr'><strong>vibrat.</strong></span> <span class='ocrx_word' id='word_1_91' title='bbox 649 2517 793 2618; x_wconf 84' lang='lat' dir='ltr'><strong>-lmago</strong></span> <span class='ocrx_word' id='word_1_92' title='bbox 816 2517 909 2593; x_wconf 84' lang='lat' dir='ltr'><strong>inter</strong></span> <span class='ocrx_word' id='word_1_93' title='bbox 931 2520 1017 2592; x_wconf 85' lang='lat' dir='ltr'><strong>duas</strong></span> <span class='ocrx_word' id='word_1_94' title='bbox 1042 2517 1226 2592; x_wconf 78' lang='lat' dir='ltr'><strong>columnae</strong></span> <span class='ocrx_word' id='word_1_95' title='bbox 1249 2515 1357 2590; x_wconf 91' lang='lat' dir='ltr'><strong>collo·</strong></span> 
     </span>
     <span class='ocr_line' id='line_1_14' title="bbox 178 2645 1357 2749; baseline 0.006 -31"><span class='ocrx_word' id='word_1_96' title='bbox 178 2655 294 2733; x_wconf 85' lang='lat' dir='ltr'><strong>catur,</strong></span> <span class='ocrx_word' id='word_1_97' title='bbox 314 2645 444 2745; x_wconf 80' lang='lat' dir='ltr'><strong>quibus</strong></span> <span class='ocrx_word' id='word_1_98' title='bbox 461 2646 499 2721; x_wconf 90' lang='lat' dir='ltr'><strong>in</strong></span> <span class='ocrx_word' id='word_1_99' title='bbox 516 2647 661 2723; x_wconf 82' lang='lat' dir='ltr'><strong>summis</strong></span> <span class='ocrx_word' id='word_1_100' title='bbox 677 2645 898 2749; x_wconf 77' lang='lat' dir='ltr'><strong>effinguntur</strong></span> <span class='ocrx_word' id='word_1_101' title='bbox 912 2645 1010 2749; x_wconf 80' lang='lat' dir='ltr'><strong>galli.</strong></span> <span class='ocrx_word' id='word_1_102' title='bbox 1031 2645 1173 2723; x_wconf 88' lang='lat' dir='ltr'><strong>Harum</strong></span> <span class='ocrx_word' id='word_1_103' title='bbox 1189 2648 1357 2725; x_wconf 84' lang='lat' dir='ltr'><strong>ad&#39;unias</strong></span> 
     </span>
     <span class='ocr_line' id='line_1_15' title="bbox 177 2780 673 2881; baseline 0.004 -28"><span class='ocrx_word' id='word_1_104' title='bbox 177 2780 282 2867; x_wconf 87' lang='lat' dir='ltr'><strong>latus,</strong></span> <span class='ocrx_word' id='word_1_105' title='bbox 300 2780 358 2854; x_wconf 76' lang='lat' dir='ltr'><strong>hm</strong></span> <span class='ocrx_word' id='word_1_106' title='bbox 374 2780 487 2855; x_wconf 77' lang='lat' dir='ltr'><strong>literae</strong></span> <span class='ocrx_word' id='word_1_107' title='bbox 503 2780 673 2881; x_wconf 83' lang='lat' dir='ltr'><strong>leguntur</strong></span> 
     </span>
    </p>
   </div>
   <div class='ocr_carea' id='block_1_4' title="bbox 475 2933 1032 3007">
    <p class='ocr_par' dir='ltr' id='par_1_5' title="bbox 475 2933 1032 3007">
     <span class='ocr_line' id='line_1_16' title="bbox 475 2933 1032 3007; baseline 0.007 -5"><span class='ocrx_word' id='word_1_108' title='bbox 475 2948 478 2961; x_wconf 87' lang='lat'>&#39;</span> <span class='ocrx_word' id='word_1_109' title='bbox 496 2933 1032 3007; x_wconf 70' lang='lat' dir='ltr'><strong>Tomaoemtetmnotom</strong></span> 
     </span>
    </p>
   </div>
   <div class='ocr_carea' id='block_1_5' title="bbox 160 3117 1355 4533">
    <p class='ocr_par' dir='ltr' id='par_1_6' title="bbox 166 3117 1355 4271">
     <span class='ocr_line' id='line_1_17' title="bbox 177 3117 1355 3220; baseline 0.004 -26"><span class='ocrx_word' id='word_1_110' title='bbox 177 3119 319 3195; x_wconf 89' lang='lat' dir='ltr'><strong>Nescio</strong></span> <span class='ocrx_word' id='word_1_111' title='bbox 340 3120 427 3220; x_wconf 89' lang='lat' dir='ltr'><strong>quid</strong></span> <span class='ocrx_word' id='word_1_112' title='bbox 452 3122 499 3197; x_wconf 91' lang='lat' dir='ltr'><strong>de</strong></span> <span class='ocrx_word' id='word_1_113' title='bbox 525 3122 593 3195; x_wconf 90' lang='lat' dir='ltr'><strong>hoc</strong></span> <span class='ocrx_word' id='word_1_114' title='bbox 622 3143 705 3195; x_wconf 86' lang='lat' dir='ltr'><strong>vase</strong></span> <span class='ocrx_word' id='word_1_115' title='bbox 731 3123 958 3196; x_wconf 85' lang='lat' dir='ltr'><strong>statuendum</strong></span> <span class='ocrx_word' id='word_1_116' title='bbox 989 3124 1045 3197; x_wconf 86' lang='lat' dir='ltr'><strong>sit.</strong></span> <span class='ocrx_word' id='word_1_117' title='bbox 1086 3117 1236 3198; x_wconf 74' lang='lat' dir='ltr'><strong>&#39;Forsan</strong></span> <span class='ocrx_word' id='word_1_118' title='bbox 1261 3122 1291 3197; x_wconf 89' lang='lat' dir='ltr'><strong>is</strong></span> <span class='ocrx_word' id='word_1_119' title='bbox 1316 3126 1355 3199; x_wconf 92' lang='lat' dir='ltr'><strong>in</strong></span> 
     </span>
     <span class='ocr_line' id='line_1_18' title="bbox 176 3252 1355 3355; baseline 0.006 -30"><span class='ocrx_word' id='word_1_120' title='bbox 176 3252 281 3352; x_wconf 84' lang='lat' dir='ltr'><strong>cujus</strong></span> <span class='ocrx_word' id='word_1_121' title='bbox 298 3252 489 3351; x_wconf 81' lang='lat' dir='ltr'><strong>sepulchro</strong></span> <span class='ocrx_word' id='word_1_122' title='bbox 506 3253 688 3328; x_wconf 85' lang='lat' dir='ltr'><strong>inventum</strong></span> <span class='ocrx_word' id='word_1_123' title='bbox 706 3264 761 3327; x_wconf 90' lang='lat' dir='ltr'><strong>cst</strong></span> <span class='ocrx_word' id='word_1_124' title='bbox 779 3254 939 3329; x_wconf 83' lang='lat' dir='ltr'><strong>Athenas</strong></span> <span class='ocrx_word' id='word_1_125' title='bbox 954 3255 1148 3355; x_wconf 88' lang='lat' dir='ltr'><strong>aliquando</strong></span> <span class='ocrx_word' id='word_1_126' title='bbox 1170 3280 1355 3332; x_wconf 85' lang='lat' dir='ltr'><strong>concesse-</strong></span> 
     </span>
     <span class='ocr_line' id='line_1_19' title="bbox 174 3382 1354 3485; baseline 0.002 -27"><span class='ocrx_word' id='word_1_127' title='bbox 174 3395 244 3473; x_wconf 84' lang='lat' dir='ltr'><strong>rat,</strong></span> <span class='ocrx_word' id='word_1_128' title='bbox 263 3395 300 3458; x_wconf 87' lang='lat' dir='ltr'><strong>et</strong></span> <span class='ocrx_word' id='word_1_129' title='bbox 316 3383 366 3458; x_wconf 87' lang='lat' dir='ltr'><strong>ibi</strong></span> <span class='ocrx_word' id='word_1_130' title='bbox 384 3382 476 3459; x_wconf 88' lang='lat' dir='ltr'><strong>ludis</strong></span> <span class='ocrx_word' id='word_1_131' title='bbox 498 3384 749 3458; x_wconf 87' lang='lat' dir='ltr'><strong>vicerat-nisi</strong></span> <span class='ocrx_word' id='word_1_132' title='bbox 767 3383 943 3459; x_wconf 92' lang='lat' dir='ltr'><strong>coloniam</strong></span> <span class='ocrx_word' id='word_1_133' title='bbox 958 3387 1137 3485; x_wconf 89' lang='lat' dir='ltr'><strong>quandam</strong></span> <span class='ocrx_word' id='word_1_134' title='bbox 1156 3387 1354 3461; x_wconf 83' lang='lat' dir='ltr'><strong>Athenien-</strong></span> 
     </span>
     <span class='ocr_line' id='line_1_20' title="bbox 174 3512 1355 3616; baseline 0.001 -27"><span class='ocrx_word' id='word_1_135' title='bbox 174 3538 252 3589; x_wconf 82' lang='lat' dir='ltr'><strong>sem</strong></span> <span class='ocrx_word' id='word_1_136' title='bbox 280 3512 317 3587; x_wconf 91' lang='lat' dir='ltr'><strong>in</strong></span> <span class='ocrx_word' id='word_1_137' title='bbox 347 3512 488 3613; x_wconf 82' lang='lat' dir='ltr'><strong>Magna</strong></span> <span class='ocrx_word' id='word_1_138' title='bbox 511 3512 653 3587; x_wconf 79' lang='lat' dir='ltr'><strong>Graecia</strong></span> <span class='ocrx_word' id='word_1_139' title='bbox 682 3514 843 3613; x_wconf 82' lang='lat' dir='ltr'><strong>cogitare</strong></span> <span class='ocrx_word' id='word_1_140' title='bbox 870 3514 1058 3608; x_wconf 89' lang='lat' dir='ltr'><strong>malumus,</strong></span> <span class='ocrx_word' id='word_1_141' title='bbox 1083 3526 1192 3615; x_wconf 89' lang='lat' dir='ltr'><strong>atque</strong></span> <span class='ocrx_word' id='word_1_142' title='bbox 1212 3515 1249 3587; x_wconf 90' lang='lat' dir='ltr'><strong>iu</strong></span> <span class='ocrx_word' id='word_1_143' title='bbox 1275 3516 1355 3616; x_wconf 81' lang='lat' dir='ltr'><strong>ejus</strong></span> 
     </span>
     <span class='ocr_line' id='line_1_21' title="bbox 172 3645 1354 3745; baseline 0 -24"><span class='ocrx_word' id='word_1_144' title='bbox 172 3647 269 3722; x_wconf 88' lang='lat' dir='ltr'><strong>ludis</strong></span> <span class='ocrx_word' id='word_1_145' title='bbox 297 3646 446 3745; x_wconf 82' lang='lat' dir='ltr'><strong>praemia</strong></span> <span class='ocrx_word' id='word_1_146' title='bbox 466 3671 489 3720; x_wconf 90' lang='lat' dir='ltr'><strong>a</strong></span> <span class='ocrx_word' id='word_1_147' title='bbox 517 3645 700 3743; x_wconf 87' lang='lat' dir='ltr'><strong>metropoli</strong></span> <span class='ocrx_word' id='word_1_148' title='bbox 725 3645 892 3719; x_wconf 87' lang='lat' dir='ltr'><strong>arcessita</strong></span> <span class='ocrx_word' id='word_1_149' title='bbox 918 3647 1100 3744; x_wconf 86' lang='lat' dir='ltr'><strong>proposita</strong></span> <span class='ocrx_word' id='word_1_150' title='bbox 1125 3670 1205 3721; x_wconf 83' lang='lat' dir='ltr'><strong>esee</strong></span> <span class='ocrx_word' id='word_1_151' title='bbox 1220 3658 1354 3722; x_wconf 88' lang='lat' dir='ltr'><strong>statua-</strong></span> 
     </span>
     <span class='ocr_line' id='line_1_22' title="bbox 166 3774 1354 3873; baseline 0.004 -27"><span class='ocrx_word' id='word_1_152' title='bbox 166 3802 267 3865; x_wconf 88' lang='lat' dir='ltr'><strong>mus,</strong></span> <span class='ocrx_word' id='word_1_153' title='bbox 298 3778 394 3873; x_wconf 90' lang='lat' dir='ltr'><strong>quod</strong></span> <span class='ocrx_word' id='word_1_154' title='bbox 420 3776 514 3849; x_wconf 88' lang='lat' dir='ltr'><strong>haud</strong></span> <span class='ocrx_word' id='word_1_155' title='bbox 541 3798 666 3850; x_wconf 86' lang='lat' dir='ltr'><strong>arero</strong></span> <span class='ocrx_word' id='word_1_156' title='bbox 690 3774 844 3849; x_wconf 86' lang='lat' dir='ltr'><strong>alienum</strong></span> <span class='ocrx_word' id='word_1_157' title='bbox 865 3775 1006 3851; x_wconf 82' lang='lat' dir='ltr'><strong>ridetur</strong></span> <span class='ocrx_word' id='word_1_158' title='bbox 1028 3800 1108 3851; x_wconf 88' lang='lat' dir='ltr'><strong>com</strong></span> <span class='ocrx_word' id='word_1_159' title='bbox 1136 3788 1174 3851; x_wconf 91' lang='lat' dir='ltr'><strong>et</strong></span> <span class='ocrx_word' id='word_1_160' title='bbox 1198 3802 1354 3853; x_wconf 85' lang='lat' dir='ltr'><strong>summos</strong></span> 
     </span>
     <span class='ocr_line' id='line_1_23' title="bbox 171 3908 1353 4021; baseline -0.001 -37"><span class='ocrx_word' id='word_1_161' title='bbox 171 3908 363 4010; x_wconf 83' lang='lat' dir='ltr'><strong>pontifices</strong></span> <span class='ocrx_word' id='word_1_162' title='bbox 377 3920 413 3983; x_wconf 87' lang='lat' dir='ltr'><strong>et</strong></span> <span class='ocrx_word' id='word_1_163' title='bbox 428 3909 549 4021; x_wconf 79' lang='lat' dir='ltr'><strong>ignem</strong></span> <span class='ocrx_word' id='word_1_164' title='bbox 568 3932 707 3983; x_wconf 89' lang='lat' dir='ltr'><strong>sacrum</strong></span> <span class='ocrx_word' id='word_1_165' title='bbox 735 3933 757 3982; x_wconf 92' lang='lat' dir='ltr'><strong>a</strong></span> <span class='ocrx_word' id='word_1_166' title='bbox 784 3908 969 4005; x_wconf 83' lang='lat' dir='ltr'><strong>metropoli</strong></span> <span class='ocrx_word' id='word_1_167' title='bbox 987 3910 1024 3983; x_wconf 92' lang='lat' dir='ltr'><strong>in</strong></span> <span class='ocrx_word' id='word_1_168' title='bbox 1050 3910 1208 3985; x_wconf 87' lang='lat' dir='ltr'><strong>colonias</strong></span> <span class='ocrx_word' id='word_1_169' title='bbox 1224 3912 1353 3985; x_wconf 90' lang='lat' dir='ltr'><strong>deduci</strong></span> 
     </span>
     <span class='ocr_line' id='line_1_24' title="bbox 171 4010 1354 4142; baseline -0.001 -23"><span class='ocrx_word' id='word_1_170' title='bbox 171 4045 291 4119; x_wconf 85' lang='lat' dir='ltr'><strong>solere</strong></span> <span class='ocrx_word' id='word_1_171' title='bbox 317 4042 483 4119; x_wconf 85' lang='lat' dir='ltr'><strong>sciamus.</strong></span> <span class='ocrx_word' id='word_1_172' title='bbox 536 4038 618 4117; x_wconf 91' lang='lat' dir='ltr'><strong>Nec</strong></span> <span class='ocrx_word' id='word_1_173' title='bbox 639 4040 675 4115; x_wconf 95' lang='lat' dir='ltr'><strong>in</strong></span> <span class='ocrx_word' id='word_1_174' title='bbox 704 4040 844 4142; x_wconf 80' lang='lat' dir='ltr'><strong>Magna</strong></span> <span class='ocrx_word' id='word_1_175' title='bbox 860 4010 1003 4116; x_wconf 74' lang='lat' dir='ltr'><strong>Graecia</strong></span> <span class='ocrx_word' id='word_1_176' title='bbox 1026 4042 1175 4117; x_wconf 82' lang='lat' dir='ltr'><strong>defuere</strong></span> <span class='ocrx_word' id='word_1_177' title='bbox 1203 4042 1354 4118; x_wconf 81' lang='lat' dir='ltr'><strong>coloniae</strong></span> 
     </span>
     <span class='ocr_line' id='line_1_25' title="bbox 171 4164 1194 4271; baseline -0.007 -21"><span class='ocrx_word' id='word_1_178' title='bbox 171 4174 320 4263; x_wconf 78' lang='lat' dir='ltr'><strong>Atticm,</strong></span> <span class='ocrx_word' id='word_1_179' title='bbox 341 4198 375 4249; x_wconf 90' lang='lat' dir='ltr'><strong>e.</strong></span> <span class='ocrx_word' id='word_1_180' title='bbox 388 4196 425 4271; x_wconf 86' lang='lat' dir='ltr'><strong>g.</strong></span> <span class='ocrx_word' id='word_1_181' title='bbox 441 4170 648 4271; x_wconf 81' lang='lat' dir='ltr'><strong>Scylletium</strong></span> <span class='ocrx_word' id='word_1_182' title='bbox 674 4182 711 4245; x_wconf 87' lang='lat' dir='ltr'><strong>et</strong></span> <span class='ocrx_word' id='word_1_183' title='bbox 724 4171 882 4271; x_wconf 84' lang='lat' dir='ltr'><strong>Sybaris.</strong></span> <span class='ocrx_word' id='word_1_184' title='bbox 1189 4164 1194 4173; x_wconf 76' lang='grc'><strong>’</strong></span> 
     </span>
    </p>

    <p class='ocr_par' dir='ltr' id='par_1_7' title="bbox 160 4290 1354 4533">
     <span class='ocr_line' id='line_1_26' title="bbox 249 4290 1353 4400; baseline -0.001 -24"><span class='ocrx_word' id='word_1_185' title='bbox 249 4302 290 4380; x_wconf 93' lang='lat' dir='ltr'><strong>P.</strong></span> <span class='ocrx_word' id='word_1_186' title='bbox 307 4302 365 4377; x_wconf 88' lang='lat'><strong>16.</strong></span> <span class='ocrx_word' id='word_1_187' title='bbox 381 4311 419 4377; x_wconf 89' lang='lat' dir='ltr'><strong>et</strong></span> <span class='ocrx_word' id='word_1_188' title='bbox 435 4314 519 4377; x_wconf 75' lang='lat'>423.</span> <span class='ocrx_word' id='word_1_189' title='bbox 553 4290 744 4398; x_wconf 73' lang='lat' dir='ltr'><strong>Inscriptio</strong></span> <span class='ocrx_word' id='word_1_190' title='bbox 770 4298 961 4375; x_wconf 81' lang='lat' dir='ltr'><strong>leucadia.</strong></span> <span class='ocrx_word' id='word_1_191' title='bbox 1015 4298 1123 4375; x_wconf 89' lang='lat' dir='ltr'><strong>Hanc</strong></span> <span class='ocrx_word' id='word_1_192' title='bbox 1152 4300 1353 4400; x_wconf 88' lang='lat' dir='ltr'><strong>inscriptio-</strong></span> 
     </span>
     <span class='ocr_line' id='line_1_27' title="bbox 160 4432 1354 4533; baseline -0.003 -21"><span class='ocrx_word' id='word_1_193' title='bbox 160 4462 259 4513; x_wconf 82' lang='lat' dir='ltr'><strong>·nem</strong></span> <span class='ocrx_word' id='word_1_194' title='bbox 286 4444 344 4531; x_wconf 86' lang='lat' dir='ltr'><strong>(ut</strong></span> <span class='ocrx_word' id='word_1_195' title='bbox 359 4436 408 4511; x_wconf 90' lang='lat' dir='ltr'><strong>in</strong></span> <span class='ocrx_word' id='word_1_196' title='bbox 424 4434 606 4511; x_wconf 80' lang='lat' dir='ltr'><strong>addendis</strong></span> <span class='ocrx_word' id='word_1_197' title='bbox 630 4432 720 4529; x_wconf 86' lang='lat' dir='ltr'><strong>dixi)</strong></span> <span class='ocrx_word' id='word_1_198' title='bbox 744 4433 1017 4533; x_wconf 85' lang='lat' dir='ltr'><strong>Petrizzopulus</strong></span> <span class='ocrx_word' id='word_1_199' title='bbox 1034 4460 1073 4509; x_wconf 90' lang='lat' dir='ltr'><strong>se</strong></span> <span class='ocrx_word' id='word_1_200' title='bbox 1090 4435 1264 4510; x_wconf 81' lang='lat' dir='ltr'><strong>Venetiae</strong></span> <span class='ocrx_word' id='word_1_201' title='bbox 1291 4436 1354 4508; x_wconf 90' lang='lat' dir='ltr'><strong>mi-</strong></span> 
     </span>
    </p>
   </div>
   <div class='ocr_carea' id='block_1_6' title="bbox 172 4569 1351 4673">
    <p class='ocr_par' dir='ltr' id='par_1_8' title="bbox 172 4569 1351 4673">
     <span class='ocr_line' id='line_1_28' title="bbox 172 4569 1351 4673; baseline -0.005 -26"><span class='ocrx_word' id='word_1_202' title='bbox 172 4580 397 4673; x_wconf 75' lang='lat' dir='ltr'><strong>remeatque</strong></span> <span class='ocrx_word' id='word_1_203' title='bbox 416 4570 547 4649; x_wconf 86' lang='lat' dir='ltr'><strong>Nauio&#39;</strong></span> <span class='ocrx_word' id='word_1_204' title='bbox 564 4570 659 4646; x_wconf 92' lang='lat' dir='ltr'><strong>dono</strong></span> <span class='ocrx_word' id='word_1_205' title='bbox 674 4569 826 4657; x_wconf 86' lang='lat' dir='ltr'><strong>dedisse,</strong></span> <span class='ocrx_word' id='word_1_206' title='bbox 855 4570 970 4645; x_wconf 90' lang='lat' dir='ltr'><strong>amico</strong></span> <span class='ocrx_word' id='word_1_207' title='bbox 996 4572 1137 4648; x_wconf 87' lang='lat' dir='ltr'><strong>cuidam</strong></span> <span class='ocrx_word' id='word_1_208' title='bbox 1156 4597 1235 4647; x_wconf 88' lang='lat' dir='ltr'><strong>meo</strong></span> <span class='ocrx_word' id='word_1_209' title='bbox 1253 4570 1351 4645; x_wconf 80' lang='lat' dir='ltr'><strong>dixit.</strong></span> 
     </span>
    </p>
   </div>
   <div class='ocr_carea' id='block_1_7' title="bbox 0 0 1630 5350">
    <p class='ocr_par' dir='ltr' id='par_1_9' title="bbox 0 0 1630 5350">
     <span class='ocr_line' id='line_1_29' title="bbox 0 0 1630 5350; baseline 0 5"><span class='ocrx_word' id='word_1_210' title='bbox 0 0 1630 5350; x_wconf 95' lang='lat' dir='ltr'><strong> </strong></span> 
     </span>
    </p>
   </div>
  </div>
 </body>
</html>
