3250 5350
247 470 256 538 l
316 487 323 526 ‘-
660 487 999 536 saonacouaua
1024 518 1031 531 .

253 655 327 718 tata
354 655 530 740 apparent
555 647 591 715 in
621 643 782 715 omnium
803 643 1049 715 vetustissimis
1067 666 1156 738 quas
1178 642 1299 739 Regia
1325 646 1451 710 nostra

254 774 471 866 'parisiensis
495 775 656 868 possidet
674 773 874 846 Academia
891 771 1100 845 marmoreis
1117 772 1248 842 tabulis
1270 767 1451 861 Pelopon·

257 903 391 975 nesiaci
409 901 492 972 belli
509 904 691 998 tempore¹
710 901 918 996 insculptis;
943 904 1021 972 ¹duo
1036 912 1174 974 tanturn
1192 898 1309 972 officia
1325 917 1451 968 eorum

257 1033 372 1104 altera
387 1033 524 1128 profert
540 1033 709 1105 extremis
726 1033 839 1106 literis
850 1033 1030 1104 mutilata.
1060 1029 1323 1125 compendium
1343 1028 1454 1099 habe-

259 1166 465 1238 tur-nullum
480 1166 517 1238 in
532 1165 804 1252 Theatralibus,
822 1168 868 1237 ab
880 1164 939 1236 illa
956 1175 1063 1236 aetate
1078 1163 1173 1233 baud
1187 1161 1297 1256 longe
1308 1154 1455 1236 dissitis,

258 1297 552 1393 inscriptionibus
566 1297 729 1392 quinque
743 1320 832 1392 quas
850 1296 1023 1392 Cyriacus
1036 1292 1287 1364 Anconitanus
1300 1282 1406 1358 ciris²
1418 1285 1455 1354 in

262 1430 407 1502 Graecia
421 1413 508 1500 uidit
527 1439 563 1499 et
580 1429 778 1522 exscripsit,
794 1426 956 1522 viditque
972 1424 1120 1520 pariter,
1136 1431 1248 1515 atque
1262 1420 1389 1489 iterum
1403 1435 1457 1484 re-

256 1559 342 1631 tulit
358 1556 539 1652 Sponius³
557 1558 761 1653 quibusque
784 1556 998 1652 persimilem
1017 1560 1138 1626 πίνακα
1155 1555 1216 1638 τῆς
1233 1555 1316 1634 νίκης
1329 1545 1460 1621 dicavit

265 1684 544 1770 Themistocles,
564 1683 832 1757 etPlutarchus
845 1686 960 1757 affert.
1005 1685 1119 1757 Nulla
1136 1685 1213 1756 fere
1229 1683 1355 1755 visitur.
1367 1704 1462 1752 com-

265 1813 451 1910 pendiaria
468 1813 650 1888 scribendi
675 1817 766 1887 ratio
788 1817 825 1886 in
852 1814 1139 1911 Antiquitatibus
1159 1813 1339 1896 Asiaticis,
1371 1833 1462 1904 quas

269 1967 401 2040 magno
420 1944 469 2013 rei
485 1944 654 2019 literaria
670 1947 905 2031 incremento,
930 1946 1144 2019 Edmundus
1161 1944 1337 2017 Cbisbull.
1355 1943 1462 2014 docte

269 2073 427 2170 collegit,
451 2074 706 2171 vulgavitque3
736 2079 782 2148 de
810 2076 851 2147 iis
869 2077 1045 2173 intelligas
1063 2075 1322 2172 quar-Caesaris
1339 2097 1384 2143 ac
1400 2071 1463 2143 tri-

272 2203 488 2275 umvirorum
508 2214 670 2299 tempora
691 2215 933 2278 antevertant.
978 2206 1082 2278 Nihil
1106 2198 1355 2304 hujuscemodi
1378 2227 1464 2275 con·

273 2333 363 2405 tinet
386 2333 565 2429 Spartana
585 2333 707 2407 Musei
723 2337 842 2408 nostri
860 2335 1046 2432 inscriptio
1063 2337 1279 2431 amplissima
1297 2337 1465 2431 Ephoros

275 2463 519 2537 Phaebotelem
543 2477 580 2537 et
602 2465 758 2563 collegas
783 2491 858 2561 prae
885 2492 923 2539 se
955 2469 1087 2540 ferens.
1119 2467 1238 2562 .lpsae
1265 2466 1466 2560 numerales

274 2606 369 2668 notae
391 2597 431 2668 in
469 2598 671 2670 veterrimis
700 2596 911 2670 Graecorum
941 2599 1127 2694 lapidibus.
1146 2621 1229 2669 raro
1245 2605 1464 2669 occurrunt.

275 2727 520 2817 Donariorum
555 2728 719 2801 recensio
754 2752 837 2824 quae
877 2728 1036 2822 Apollini
1071 2729 1251 2825 Didymeo
1292 2728 1467 2801 Seleucus

276 2855 496 2949 Callinicus*
532 2858 686 2939 miserat,
715 2858 898 2950 perpetuis
932 2860 1089 2930 numeris
1125 2869 1277 2945 constat,
1312 2860 1375 2929 sed
1406 2882 1468 2929 ex-

278 2988 410 3079 pausis,
438 2999 474 3058 et
501 3011 568 3081 per
590 2988 773 3059 literarum
793 2989 1088 3083 consequentiam
1104 2990 1313 3084 explanatis.
1333 3050 1347 3061 ..
1366 2988 1469 3060 ldem

279 3118 376 3191 dicas
394 3121 439 3191 de
456 3118 631 3189 consimili
651 3128 886 3189 monumento
905 3120 1000 3212 quod
1029 3120 1144 3215 Regis
1171 3120 1311 3192 Prusias
1337 3143 1470 3192 nomen

280 3249 456 3322 nobilitat.
512 3246 614 3316 lnter
638 3254 774 3317 remoto
793 3248 983 3318 admodum
1007 3273 1085 3321 aevo
1105 3252 1307 3345 conscripta
1332 3252 1472 3324 Oxoni·

281 3380 377 3450 ensis
401 3386 538 3447 tantum
567 3373 798 3468 Epocharum
827 3380 1049 3451 enumeratio
1071 3404 1184 3451 annos
1201 3406 1326 3454 omnes
1343 3382 1474 3455 Atticis

282 3504 449 3600 designat
483 3502 587 3573 notis.
641 3504 732 3576 Nec.
761 3506 929 3578 habuisse
965 3508 1128 3582 videntur
1160 3511 1280 3584 Graeci
1316 3514 1475 3610 speciale

286 3658 415 3706 nomen
452 3657 524 3728 quo
568 3634 782 3731 singularias
821 3648 1072 3725 connotarent,
1117 3640 1333 3711 Plutarchus
1366 3642 1476 3727 enim,

285 3774 326 3834 ut
351 3762 572 3860 significaret
600 3760 763 3835 Marcum
791 3764 952 3837 Tullium
972 3768 1101 3840 votiv'ae
1118 3769 1249 3840 tabulae
1265 3792 1331 3864 per
1348 3768 1404 3840 M.-
1421 3769 1474 3841 T.

286 3916 325 3963 se
349 3891 624 3989 conscripsisse,
643 3892 694 3963 slc
723 3893 902 3990 loquitur3
930 3899 976 3969 ‘roi
1000 3906 1121 3996 πρῶτα
1143 3908 1210 3973 τῶν
1235 3897 1291 3971 dria
1311 3901 1478 3984 ὀνομάτων

284 4024 482 4120 ἐπέγραψε,
512 4022 656 4113 primas
689 4022 846 4094 duorum
875 4031 1061 4103 nominum
1094 4031 1222 4103 literas
1254 4030 1480 4124 inserpat?

327 4230 464 4287 ¹Debuit
501 4230 546 4286 vir
582 4228 691 4287 clariss.
733 4234 858 4305 “paullo
947 4238 1065 4317 'sporn
1093 4244 1383 4321 Tom,111.p.21.
1410 4255 1478 4318 109.

286 4338 350 4385 ante
364 4326 430 4382 belli
446 4326 671 4401 Peloponnesiaci
686 4331 840 4405 tempora.''
908 4342 977 4395 att.

947 4427 959 4457 ⁴
979 4427 1079 4487 Chisb.
1094 4435 1165 4493 Ant.
1179 4437 1232 4491 As.
1249 4452 1277 4510 p.
1289 4432 1339 4503 69.
1382 4435 1479 4493 lanian

326 4526 338 4561 2
360 4519 473 4598 Cytisa.
485 4539 512 4597 p.
525 4526 554 4589 9,
573 4529 618 4581 10.
910 4522 1088 4597 Antiquities,
1110 4544 1139 4600 p.
1152 4532 1203 4595 39.
1218 4526 1276 4602 ted.
1289 4528 1335 4602 2.)
