3250 5350
174 453 302 518 lusce.
320 445 435 538 Vlll.]
769 439 840 529 169

174 619 222 690 de
245 641 289 692 ca
310 615 406 692 inter
424 617 586 692 lonicum
609 617 811 692 edificandi
829 641 948 716 genus
969 627 1008 692 et
1030 618 1204 692 ,11111111
1222 621 1317 715 (narn
1343 643 1368 690 1

174 765 250 838 quo
281 744 380 816 Asiae
415 746 550 842 populo
584 754 824 842 propagatum
854 745 912 832 sit,
937 744 1090 818 delinire
1123 769 1198 818 non
1231 747 1365 839 audeo)

172 875 393 970 cognatione
410 877 542 950 ceruus
564 877 674 948 multa
696 874 866 948 constitui
886 885 1078 970 poterunt:
1108 877 1139 950 si
1160 878 1368 974 antiquiora

172 1014 250 1074 tum
268 1004 376 1101 hujus
393 1014 467 1076 tum
487 1006 580 1078 illius
597 1006 816 1077 documenta
830 1003 924 1076 forte
942 1005 1087 1078 fortuna
1099 1007 1368 1104 detegerentur.

177 1132 269 1207 lllud
308 1145 407 1206 certe
436 1135 515 1232 jusu
545 1136 690 1232 Olymp.
721 1159 849 1208 xxxnr.
879 1157 943 1230 per
972 1135 1152 1208 Groeciam
1185 1135 1293 1208 etiarn
1328 1135 1367 1207 in

174 1264 432 1360 Peloponneso
472 1265 756 1340 adhibebatur¹t
806 1277 927 1338 tamen
964 1267 1052 1338 nihil
1086 1265 1204 1339 lonici
1244 1276 1368 1354 restat,

175 1396 275 1490 quon
301 1395 447 1493 Olymp.
475 1419 584 1470 cxxx.
618 1397 679 1489 (Α.
698 1397 742 1468 C.
771 1401 935 1486 cccccx.)
952 1394 1138 1491 antiquius
1163 1419 1243 1468 esse
1258 1367 1370 1468 xcerto

173 1519 441 1608 affirmaveris.”

253 1660 278 1688 “
290 1651 389 1724 Num
407 1651 586 1726 Mineruae
600 1651 774 1726 'Polictlia
791 1652 962 1748 templum
985 1651 1192 1760 Prieuaeum
1211 1653 1368 1726 Alexan·

174 1781 237 1898 dri·
261 1781 406 1852 demum
442 1791 604 1876 tempore
637 1791 858 1854 exstructum
891 1803 984 1867 esse,
1015 1782 1122 1854 docet
1152 1782 1366 1876 inscriptio:

174 1919 397 1998 architectus,
417 1929 495 1990 erat
518 1919 671 2015 Pythius
681 1918 704 1992 ².
757 1921 850 1992 AEdi
870 1921 1044 2013 Apollinis
1060 1921 1265 2020 Didymae
1281 1923 1371 1995 iaci·

178 2048 283 2128 endae
307 2059 464 2143 praeerat
491 2049 661 2126 Paeonius
684 2051 863 2146 Ephesius
887 2072 968 2122 cum
992 2051 1186 2148 Daphnide
1209 2051 1370 2139 Milesio,

179 2178 271 2250 idem
306 2179 371 2273 qui
406 2180 577 2275 ternplum
615 2180 747 2253 Dianas
777 2180 948 2275 Ephesiae
977 2179 1060 2253 olim
1092 2182 1277 2280 inceptum
1307 2183 1371 2256 ab·

176 2311 345 2396 solveret,
373 2312 469 2382 circa
493 2311 639 2408 Olymp.
659 2311 730 2384 0⁸.
784 2310 921 2406 Neque
948 2311 1046 2384 enim
1076 2314 1283 2408 antiquiora
1304 2315 1372 2386 nae

180 2442 319 2536 epocha
353 2467 431 2514 asse
469 2451 619 2536 possunt
652 2440 808 2536 capitula
840 2450 1018 2514 autorum
1054 2440 1252 2534 pulvinata,
1283 2419 1372 2536 'quae

178 2572 314 2646 nativae
372 2573 457 2644 artis
519 2568 738 2664 simplicitati
797 2569 906 2666 plane
961 2559 1200 2664 refragantur,
1262 2576 1373 2662 atque

177 2708 374 2806 singularis
392 2709 565 2803 spirarum
585 2705 790 2781 Ionicarum
807 2705 957 2789 fabrica,
974 2702 1108 2797 quibua
1125 2704 1163 2774 in
1182 2702 1374 2798 Didymaeo

175 2854 218 2917 et
242 2844 375 2938 templo
395 2841 589 2914 Prienensi
614 2840 740 2913 eadem
769 2837 846 2912 fere
869 2846 925 2909 est
952 2834 1127 2931 speciest
1179 2835 1303 2909 Simile
1319 2845 1377 2909 eat

178 2978 425 3074 fragmentum
449 2972 578 3049 Hercei
593 2972 716 3059 Samii,
742 2970 870 3066 inquo
891 2994 964 3043 non
988 2976 1130 3041 tantum
1149 2979 1248 3041 torus
1269 2969 1376 3064 spirae

179 3109 246 3181 scd
281 3107 388 3177 etium
422 3105 536 3176 scotia
568 3104 690 3175 striata
725 3102 818 3175 est⁵.
879 3099 1075 3194 Antiquius
1115 3108 1171 3172 est
1202 3094 1377 3194 templum

180 3237 489 3321 BucclriTeium,
517 3260 610 3332 opus
633 3234 890 3333 Hermogenis,
915 3232 1079 3328 simplice
1106 3230 1222 3329 magis
1245 3233 1376 3303 decore

180 3380 221 3440 et
246 3376 354 3464 grata
384 3376 573 3437 venustate
601 3361 923 3435 commendabile⁶.
973 3359 1170 3455 Templum
1200 3359 1379 3454 Apollinis

180 3498 446 3593 Pttgateense,
471 3496 577 3594 cujus
596 3497 784 3591 hypoethro
806 3491 1071 3587 circumpositae
1092 3502 1178 3564 sunt
1200 3492 1378 3564 columnae
1488 3582 1494 3595 ι

182 3630 331 3716 Ionicae,
359 3630 497 3700 utinam
525 3626 603 3723 jam
632 3624 810 3695 curiosius
839 3621 1061 3715 descriptum
1089 3630 1128 3691 et
1158 3620 1378 3693 delineatum

182 3860 270 3919 ethic
285 3858 358 3921 etin
377 3858 564 3915 monumentis
582 3854 757 3930 Persepolcos
809 3853 880 3911 seul.
894 3853 931 3911 T.
947 3852 971 3912 l.
986 3852 1026 3927 pl.
1043 3852 1110 3912 116.

184 3958 277 4015 nullus
286 3964 338 4013 est
373 3953 507 4029 Capitula.
520 3952 629 4010 volutas
643 3954 756 4033 halrent,
851 3950 863 3981 ³
884 3950 922 4006 V.
938 3946 1014 4005 Hirt.
1029 3947 1063 4004 de
1077 3948 1136 4005 tede
1150 3946 1274 4023 Ephesia
1288 3962 1316 4017 p.
1331 3944 1380 3998 15.

184 4063 282 4111 carent
305 4036 434 4126 pulvinis.
478 4050 558 4123 Spira
576 4068 663 4124 neque
683 4047 759 4105 Atti·
811 4044 896 4100 Sscua
911 4042 1031 4098 Forster.
1047 4041 1212 4116 (Memoires
1229 4037 1262 4091 de
1281 4033 1382 4091 Caesel

183 4154 444 4223 turgesestnaqua
460 4142 565 4199 Ionica.
599 4140 645 4197 111
665 4138 757 4195 archi-
809 4154 837 4209 p.
857 4138 938 4200 198.)

183 4250 294 4299 tectura
315 4237 377 4292 haec
391 4235 470 4309 quasi
491 4232 639 4289 mediaest
659 4240 759 4287 etam·
848 4229 943 4284 4Ιοιι.
976 4228 1064 4301 antiq.
1098 4244 1125 4283 c.
1159 4228 1189 4278 2.
1239 4217 1380 4277 Choiseul.

183 4338 272 4411 trigue
285 4332 358 4389 inter
371 4340 527 4404 utramque.
809 4324 845 4383 T.
861 4324 885 4381 1.
908 4320 951 4397 pl.
968 4326 1037 4378 114.

226 4426 237 4459 ¹
260 4428 347 4483 Psus.
359 4425 414 4484 Vl.
427 4434 474 4494 19.
490 4428 519 4479 1.
851 4415 863 4446 ⁶
883 4410 1027 4470 choiseul.
1038 4408 1076 4493 pl.
1092 4410 1140 4463 54.

230 4519 364 4581 ’Ionian
388 4518 546 4594 antiquities
573 4534 599 4573 c.
624 4521 653 4573 2.
684 4512 770 4571 Choi·
856 4507 1053 4582 ‘lunanum
1065 4524 1092 4566 c.
1106 4514 1135 4583 ¹.-

765 4612 790 4673 1
