3250 5350
806 475 876 534 124
1194 465 1340 552 [Causa.
1364 465 1432 532 Ill.

240 655 465 731 memoratur,
492 646 683 742 pecuniam
710 669 731 718 e
753 644 932 719 thesauris
959 641 1138 718 Minervae
1158 643 1324 716 traditam
1352 664 1432 714 esse

237 771 273 844 in
298 785 461 870 sumptus
484 775 737 848 Panathenaeia
759 780 829 852 τοῖς
851 773 1018 869 μεγάλας
1039 773 1332 869 suppeditandos.

315 903 415 976 Anni
447 904 722 979 Atheniensium
760 906 872 980 civilis
900 916 983 1001 post
1015 905 1161 1002 Olymp.
1191 925 1370 976 nxxvur.
1400 911 1434 969 1.

242 1017 596 1136 Hecatombaeonli.
613 1063 645 1112 e.
675 1038 812 1132 Julius)
840 1018 977 1136 primus
1009 1013 1163 1109 mensis¹
1197 1043 1286 1107 erat.
1340 1032 1436 1122 Quae

241 1190 329 1264 ergo
358 1165 395 1237 in
426 1166 496 1238 boc
520 1189 696 1240 marmore
727 1176 980 1251 memorantur,
996 1260 1000 1268 .
1016 1188 1066 1236 σα·
1088 1165 1211 1237 omnia
1236 1173 1317 1234 acta
1351 1170 1439 1231 sunt

241 1295 337 1367 inter
370 1294 510 1367 Julium
544 1319 576 1368 s.
608 1320 639 1369 c.
666 1310 753 1368 410.
784 1307 823 1369 et
856 1295 996 1368 Julium
1028 1317 1063 1366 s.
1082 1317 1113 1366 c.
1143 1305 1229 1379 409.
1258 1313 1357 1361 anno
1385 1313 1436 1360 sc.

244 1423 544 1520 Peloponnesiaci
568 1425 654 1498 belli
678 1425 856 1524 vigesimo
882 1427 1052 1498 secundo.

321 1555 366 1630 L.
390 1569 423 1628 l.
463 1556 621 1642 Ἀθηναῖοι
650 1555 825 1642 ἀνήλωσαν
854 1557 913 1626 ἐπὶ
945 1559 1163 1628 Γλαυκίππου
1193 1551 1357 1650 ἄρχοντος
1386 1553 1442 1623 καὶ

211 1766 214 1773 ,
244 1690 300 1767 ἐπὶ
325 1695 384 1774 τῆς
409 1690 536 1779 βουλῆς
563 1686 583 1790 ᾖ
615 1690 785 1783 Κλυγένης
809 1688 950 1764 Anatole
973 1694 1104 1784 πρῶτος
1128 1685 1378 1782 ἐγραμμάτευε.

245 1817 354 1889 Haud
383 1841 465 1889 raro
490 1817 536 1888 in
560 1818 615 1890 bis
649 1817 943 1913 inscriptionibus
973 1819 1205 1913 praemittitur
1234 1817 1443 1916 hujusmodi

248 1949 428 2020 sententia
454 1973 537 2046 qure
566 1976 641 2024 rem
669 1951 889 2023 tractandam
918 1961 1106 2045 proponat.
1159 1951 1215 2022 lta
1239 1951 1277 2021 in
1307 1949 1442 2022 Marm.

249 2077 384 2151 Sundv.
397 2063 399 2071 .
434 2076 519 2152 Τάδε
545 2079 694 2178 ἔπραξαν
717 2079 944 2178 Ἀμφικτύονες
965 2081 1134 2166 Ἀθηναίων
1151 2057 1188 2153 π.
1204 2115 1237 2154 τ.
1254 2092 1311 2166 λ.;
1343 2090 1380 2152 el
1405 2081 1445 2152 in

248 2208 410 2302 plurimis
432 2210 725 2286 Atheniensibus.
776 2204 868 2282 Τάδε
890 2207 1080 2307 παρέδοσαν
1099 2215 1134 2284 αἱ
1154 2213 1321 2308 τέτταρες
1341 2211 1447 2312 ᾰρχαῖι

250 2339 283 2407 αἱ
306 2332 453 2409 ἐδίδοσαν
477 2339 536 2410 τὸν
555 2339 675 2431 λόγον.
729 2336 830 2409 Tum
853 2336 891 2408 in
915 2361 1004 2410 voce
1029 2366 1058 2409 α
1080 2335 1131 2440 (ᾗ)
1158 2337 1383 2410 desideratur
1412 2345 1448 2409 H

241 2465 551 2561 quodsaepcalibi
564 2465 674 2539 libelli
687 2467 798 2538 nostri
817 2455 1234 2540 Lectoranimadvcrtet.
1277 2474 1448 2560 Κλογενες
1470 2513 1473 2519 -

242 2592 353 2682 falso,
377 2605 417 2667 ut
438 2597 591 2685 videtur,
608 2622 673 2694 pro
696 2605 884 2692 Κλεαγεντς
895 2590 917 2685 ς’
931 2600 1029 2696 quod
1052 2621 1166 2695 quare
1185 2597 1302 2673 dicam
1327 2598 1448 2668 statim

252 2730 451 2823 apparebit
504 2738 642 2831 Πρῶτος
671 2732 918 2828 ἐγραμμάτευε,
953 2731 1074 2805 scribo
1109 2742 1190 2804 crat
1220 2730 1300 2827 ejus
1329 2730 1450 2803 tribus

255 2880 335 2953 quae
364 2857 488 2950 prima
518 2861 747 2953 presidebat.
801 2864 1062 2963 “Siquidem''
1094 2875 1135 2938 ut
1165 2866 1340 2938 Corsinus
1371 2864 1454 2937 ani-

256 2982 481 3074 madvertit'‚
523 2990 732 3087 “Prytania
763 2994 935 3090 quaelibat
960 2996 1106 3068 unicum
1138 2996 1252 3068 solum
1284 2994 1452 3067 Scribam

258 3123 283 3152 “
298 3114 466 3205 babebat,
497 3116 539 3190 ut'
560 3131 712 3211 testatur
736 3124 913 3212 Pollux³3
943 3135 981 3197 ct
1007 3126 1101 3199 sicut
1126 3127 1164 3197 in
1191 3124 1455 3223 Prytaniarum

260 3248 393 3321 “serie
427 3273 500 3325 una
532 3252 646 3326 tribus
680 3254 783 3329 alteri
818 3256 1053 3346 succedebat.
1087 3258 1139 3330 ita
1176 3280 1324 3354 quoque
1358 3280 1458 3328 unus

259 3386 285 3418 “
296 3380 403 3452 etiam
417 3384 534 3457 scriba
550 3386 701 3460 alterum
717 3392 974 3485 sequebatur.”
1017 3390 1103 3464 Jam
1117 3416 1203 3464 vero
1214 3389 1326 3462 tribui
1339 3389 1458 3461 AEan-

259 3510 324 3581 tidi
347 3512 501 3605 primurn
528 3526 614 3588 tunc
640 3521 810 3616 temporis
833 3522 951 3594 locum
978 3522 1017 3593 in
1044 3522 1299 3619 Prytaniarum
1328 3522 1464 3593 ordine

261 3638 457 3735 contigisse
478 3664 498 3711 e
520 3656 646 3717 nostro·
666 3671 843 3723 marmore
862 3662 1022 3745 apparet.
1075 3650 1309 3723 Andocides⁴
1332 3662 1465 3724 autem

259 3767 446 3843 'decretum
477 3770 633 3860 exbibet,
666 3800 739 3872 quo
770 3780 932 3874 quemvis
964 3780 1191 3877 tyrannidem
1223 3778 1466 3851 affectantem

264 3897 410 3994 impune
450 3900 617 3981 occidere
650 3906 762 3997 licuit,
804 3912 875 3983 boc
909 3915 1016 3985 modo
1049 3922 1280 4009 conceptum.
1326 3908 1472 4006 ’Ἔδοξε

265 4034 309 4127 τῇ
331 4030 441 4133 βουλῇ
458 4035 509 4104 καὶ
533 4042 582 4127 τῷ
598 4031 695 4131 δήμῳ·
720 4040 853 4145 Ascuris
875 4042 1087 4141 ἐπρυτάνευε,
1116 4046 1308 4137 Κλεογένης
1327 4074 1472 4141 εγραμ-

265 4158 393 4245 μᾶτουε,
437 4167 559 4249 Βοηθός
605 4169 801 4259 ἐπεστάτει,
845 4172 927 4247 τάδε
966 4176 1191 4273 Δημόφαντος
1226 4177 1472 4272 συνέγραψεν.

309 4366 317 4397 ¹
339 4367 384 4424 Cf.
405 4370 515 4434 Corsin.
536 4376 567 4437 F.
584 4381 621 4438 A.
646 4379 670 4437 Ι.
684 4400 710 4455 p.
726 4388 776 4450 94.
794 4387 834 4442 ll.
923 4391 936 4423 ³
957 4388 1028 4446 Poll.
1042 4390 1104 4449 Lib.
1119 4392 1207 4452 Vlll.
1221 4412 1247 4451 c.
1262 4339 1402 4474 9.·me.
1413 4402 1472 4463 98.

270 4456 379 4581 Prpleg.
394 4482 421 4566 p.
437 4484 577 4530 xxxvii.
593 4492 635 4548 sq.
808 4530 811 4537 .
922 4490 934 4521 ⁴
954 4488 1064 4546 Andoc.
1080 4472 1165 4550 Orat.¹
1181 4492 1203 4552 l.
1217 4473 1251 4549 dc
1262 4492 1355 4568 Myso
1371 4514 1401 4570 p.
1416 4502 1471 4559 10.

341 4554 450 4618 Corsm.
465 4560 495 4616 F.
510 4566 548 4623 A.
565 4566 648 4626 Tum.
665 4570 687 4630 l.
701 4592 729 4647 p.
746 4582 812 4637 182.
883 4580 904 4636 l.
917 4585 967 4645 37.
982 4584 1024 4642 ed.
1040 4584 1137 4659 Steph.
