3250 5350
145 496 270 559 [risen.
297 491 407 570 virt]
728 501 793 560 151

143 664 261 762 magis
281 663 477 760 appetebat
498 687 604 759 quam
631 665 793 752 callebat,
820 689 901 738 csse
919 689 1002 738 cum
1026 663 1202 736 similibus
1219 661 1339 732 multis

143 795 253 866 illata.
293 792 380 866 dam
400 793 484 864 huic
499 793 705 888 glossemati
721 795 829 866 etism
847 795 959 866 verba
971 791 1031 885 ιῖνή
1049 789 1173 875 σελήνη
1187 790 1340 881 ἐξέλιπεν

141 929 287 1022 ἑσπέρας
300 933 354 996 καὶ
370 925 388 995 ὁ
402 925 542 1000 παλαιθς
552 927 611 1008 τῆς
624 927 762 1010 Ἀθηνᾶς
773 958 803 994 κ.
813 957 849 993 τ.
860 935 895 996 λ.
910 923 1113 994 addemus¹.
1156 920 1340 993 Nimirum

142 1053 313 1126 librarius
347 1051 503 1148 legerat,
530 1049 692 1123 Callisdc
724 1051 799 1124 sive
833 1051 949 1121 Callia
977 1051 1150 1122 archonte
1161 1047 1186 1134 ²,
1218 1048 1251 1118 id
1288 1057 1342 1118 est

142 1192 230 1253 ante
283 1203 445 1276 pugnam
504 1179 749 1265 Salaminiam,
797 1181 854 1251 Ol.
904 1204 1013 1252 cxxv.
1073 1191 1116 1264 1.,
1169 1175 1340 1271 templum

121 1309 306 1382 -Poliadis
338 1331 417 1379 esse
444 1307 657 1381 incensum:
688 1310 767 1381 haec
790 1309 849 1379 ille
880 1309 971 1383 male
998 1307 1143 1380 sedulus
1172 1307 1341 1377 adhunc

145 1439 297 1510 Calliam
316 1436 556 1508 transtulit-ct
577 1447 699 1509 nostro
723 1439 803 1509 loco
828 1438 978 1510 infersit.
1031 1437 1124 1526 Quae
1146 1435 1176 1507 si
1198 1457 1343 1508 amove·

146 1570 272 1655 rimus,
291 1567 370 1664 jam
399 1565 486 1637 nulli
511 1566 666 1661 amplius
693 1565 881 1666 negotium
908 1567 1124 1638 facessent.''

223 1713 383 1810 “Igitur
399 1711 591 1782 oedilicium
619 1712 842 1784 Athenarum
866 1711 1147 1807 pulcherrimum
1175 1735 1343 1784 consum·

149 1851 285 1912 matum
313 1849 368 1910 est
393 1849 476 1935 post
496 1839 705 1912 archontem
732 1839 897 1912 Dioclem
915 1865 946 1912 c.
972 1842 1029 1913 Ol.
1057 1865 1164 1913 cxru.
1222 1841 1344 1914 Dicae-

148 1968 306 2040 archus³
339 1979 376 2040 et
402 1967 557 2040 Strabo*
592 1970 895 2065 pulchritudinem
932 1972 1165 2046 vehementer
1190 1975 1345 2059 admira·

149 2099 295 2211 bantur.
346 2099 446 2172 Hinc
472 2101 621 2172 illaesum
653 2101 732 2172 fere
760 2113 797 2172 et
825 2103 1007 2198 integrum
1032 2104 1148 2174 stabat
1175 2105 1221 2175 ud
1245 2103 1345 2176 'Pur-

151 2256 274 2304 carum
311 2257 424 2329 usque
459 2243 635 2327 tempora.
703 2234 936 2306 Guilletierus
975 2257 1014 2306 se
1059 2235 1169 2308 etiam
1209 2237 1343 2310 fontem

151 2364 298 2452 salsum,
339 2389 435 2437 mare
471 2365 667 2436 Erechthei
703 2367 852 2449 dictum,
887 2365 1019 2436 vidisse
1052 2366 1235 2439 affirmat³.
1296 2371 1346 2443 At

153 2493 299 2566 mentiri
318 2493 492 2566 videtur⁶.
535 2493 680 2566 dacobo
699 2493 811 2588 Spon.
831 2506 868 2565 et
883 2494 1047 2590 Georgio
1068 2495 1245 2579 Wbeler„
1270 2497 1347 2568 lere

150 2625 372 2696 exsiccatum
406 2645 499 2710 esse,
542 2623 711 2719 oppidani
750 2623 946 2695 narrabant
959 2625 984 2694 ⁷.
1045 2623 1118 2695 Sed
1151 2623 1346 2698 intromissi

151 2782 225 2829 non
261 2765 359 2842 sunt,
403 2756 573 2850 quoniam
612 2756 806 2851 praefectus
841 2754 1048 2827 Tuscorum
1088 2758 1166 2827 deoe
1197 2755 1347 2852 virginis

192 2979 201 3009 ¹
225 2978 304 3045 Quid
331 2978 407 3034 enim
440 2978 595 3048 absurdius,
623 2998 725 3053 quam:
815 2979 937 3052 ³p.93.
961 2980 1347 3050 Mancidaopaords’rldn·

150 3088 326 3145 annusqu
350 3069 416 3125 luna
439 3073 491 3127 sub
516 3090 661 3144 vesperum
681 3072 729 3128 de·
777 3077 823 3131 νεῖν
856 3078 939 3151 lepris,
967 3078 1134 3146 roho-reale,
1165 3077 1289 3150 α’πσβιαν
1317 3083 1351 3151 (l)

151 3166 230 3221 lecit.
273 3164 415 3231 Quocirca
436 3163 529 3221 locum
550 3164 729 3221 emblematis
776 3166 857 3244 ἄξιον
878 3170 952 3226 θέαι.

93 3322 96 3331 ,
152 3261 285 3317 indicatis
315 3260 356 3315 ita
389 3262 602 3317 constituimus:
633 3262 674 3338 τῷ
707 3262 729 3317 δ’
819 3261 1036 3329 ⁴1X.396.b.

151 3354 262 3413 ἐπιόντι
277 3352 335 3413 ἔπει
349 3351 383 3432 (d
398 3354 416 3421 ή
430 3378 464 3410 τε
480 3353 583 3423 σελήνη
604 3353 731 3430 ἐξέλιπεν
818 3354 829 3385 ⁶
851 3356 979 3412 Athenas
1005 3355 1137 3437 acclama
1161 3366 1191 3415 et
1212 3360 1350 3435 nouvelle,
1388 3386 1392 3398 ¹

151 3448 280 3531 ἑσπέρας
302 3448 346 3504 καὶ
370 3453 388 3505 ὁ
407 3449 527 3506 παλαιός
549 3474 578 3507 π.
599 3449 645 3508 Ἀ.
667 3451 729 3507 veiis
781 3465 809 3519 p.
825 3452 895 3504 201.

151 3545 184 3601 ἐν
205 3542 337 3611 Ἀθήναιε
361 3540 528 3619 ἐνεπρήσθη,
556 3544 654 3599 illator
681 3544 731 3614 μὲν
820 3540 1014 3614 ⁸“Turpiter
1033 3552 1116 3618 atque
1133 3545 1275 3603 immerito
1293 3547 1350 3604 dic·

150 3640 356 3716 ἐφαρεθοντος,
377 3638 534 3719 ἄρχοντος,
551 3639 579 3697 δὲ
603 3640 730 3696 Καλλίου
781 3646 852 3692 lum·
875 3632 1050 3703 GUlllfflel'or
1067 3647 1203 3711 (inanium
1215 3641 1353 3715 08⁰judl·

150 3731 361 3805 ’Adn'mow)oi
374 3732 596 3803 Λακεδαιμόνιοι,
618 3736 661 3814 τῷ
674 3737 730 3791 Λυ·
781 3746 845 3783 ⁰³¹0
866 3744 989 3800 P⁰³⁸llm2
1009 3726 1076 3785 fidess
1100 3747 1210 3803 semper
1230 3731 1350 3808 integra.

152 3826 269 3905 ea'rbpp
282 3824 514 3903 παρεληλυθότος
525 3826 576 3896 ἤδη
591 3831 646 3884 roi
659 3829 732 3909 χρό-
785 3818 854 3877 Falli
863 3821 974 3896 quidem
985 3821 1088 3894 potuit3
1110 3823 1156 3880 sed
1168 3822 1251 3897 plane
1259 3827 1352 3884 nescio

153 3944 203 3978 νον
230 3918 288 3995 (isui
311 3921 353 3997 ‘rip
376 3918 490 3999 πολέμῳ
516 3923 731 4001 τεττάρων.και
782 3918 1046 3993 quaremajorfides
1062 3920 1166 3994 Sponio
1175 3922 1354 3997 atqueWhe-

153 4018 261 4073 εἴκοσιν
275 4015 362 4089 ἔπιθι)
383 4014 581 4089 {repperiri
600 4020 653 4075 cah
671 4020 733 4076 ναῦν
783 4014 852 4083 lero,
871 4014 930 4090 qui,
953 4013 1020 4087 ipsis
1032 4012 1192 4083 fatentibus,
1219 4016 1248 4071 in
1262 4015 1351 4069 aedem
1455 4047 1459 4055 ι

152 4110 403 4188 Καλλικραπίδαν.
783 4111 859 4167 haud
876 4109 1030 4165 intromissi
1048 4121 1122 4179 sunt,
1144 4128 1228 4182 quam
1247 4107 1355 4167 Guillc-

195 4200 517 4278 ’Callinmappclluvit
533 4204 617 4276 Diog.
638 4204 732 4261 Laert.
783 4207 852 4262 tiero
878 4204 925 4279 qui
955 4204 1015 4277 ipse
1031 4204 1161 4277 uiderat,
1188 4202 1354 4264 adhibenda.

151 4296 239 4361 11.7.
281 4294 410 4352 Thomas
431 4295 513 4366 Mag.
528 4294 567 4353 V.
592 4294 689 4369 Eurip.
707 4306 735 4352 et
785 4300 872 4357 Plura
916 4307 1009 4355 autern
1047 4297 1120 4354 inira
1152 4296 1200 4370 „de
1237 4298 1355 4358 Miilleri

149 4391 370 4466 Hieronymus:
424 4392 535 4448 Xerxes
594 4392 736 4472 succendit
785 4392 938 4467 petulantia
962 4389 1187 4467 quadis-sum?
1227 4390 1355 4453 H.J.R.

147 4487 291 4546 Athenas
319 4488 370 4543 sub
402 4487 524 4563 principe
549 4486 650 4549 Callia.
686 4485 735 4544 Ol.
826 4487 976 4561 'voyage
996 4486 1047 4543 isit
1070 4503 1121 4560 par
1148 4485 1237 4545 Jacob
1270 4488 1356 4563 Spes,

149 4580 292 4641 LXXV.
310 4588 336 4641 l.
788 4580 880 4654 Lyon,
893 4576 980 4643 1678.
993 4580 1030 4639 Τ.
1046 4578 1084 4641 ll.
1100 4600 1128 4655 p.
1140 4586 1208 4647 159.
