3250 5350
297 467 373 530 330
754 479 992 530 urrunnu.

298 617 431 692 δαιᾶται
448 628 487 689 ad
504 625 655 690 rationem
681 624 857 690 Herodotei
874 615 1096 702 Ποτιδαιῆται
1113 645 1195 688 vin.
1219 647 1249 688 c.
1265 635 1338 699 129.
1366 619 1454 692 ἁπε-

295 725 419 791 στεῶσι
448 711 704 816 Ποτιδαιήτῃσι,
729 727 849 788 ο.136.
875 712 988 812 ἅνδρδς
1016 710 1245 800 Ποτιδαιήτεω
1262 726 1306 788 cl.
1330 733 1455 791 c.128.

298 825 350 888 Ad
372 825 501 887 eandem
523 843 662 885 normam
689 822 841 906 exigenda
869 834 958 886 erunt
984 821 1108 886 nomina
1135 822 1220 904 apud
1250 823 1455 906 Stephanum

298 925 338 987 de
354 923 445 985 urbb.
500 907 732 985 Πατιδανία·
760 915 853 990 πόλις
872 917 1036 988 Αἰτωλίας
1060 912 1103 982 τιί
1121 913 1249 985 ε’θυικδν
1271 909 1455 987 Ποτιδανι·

297 1013 380 1097 α’της
397 1033 429 1082 et
452 1006 680 1081 Ποσίδειον·
717 1011 811 1088 πόλις
828 1011 956 1102 μεταξιί
977 1017 1121 1084 Κιλικίας
1141 1013 1192 1082 καί
1207 1017 1336 1106 Συρίας.
1381 1021 1456 1082 Ser·
1576 1049 1581 1064 ·

299 1131 370 1184 vata
384 1130 433 1180 eet
449 1115 602 1200 scriptum
619 1115 650 1180 in
665 1115 855 1195 nominibus,
882 1139 951 1204 quae
963 1120 1118 1200 vulgatam
1134 1116 1269 1179 nominis
1284 1105 1456 1182 Ποσειδαίν

300 1219 431 1281 formam
450 1229 632 1299 sequuntur.

376 1312 532 1391 Alterum,
550 1315 635 1398 quod
652 1316 851 1376 observatum
870 1313 972 1383 velim,
991 1324 1039 1374 est
1055 1313 1167 1374 vocula
1178 1308 1239 1396 Ὑέ,
1254 1334 1318 1374 non
1336 1325 1453 1376 temere

300 1425 375 1497 poet
387 1399 582 1480 Ποτειδαίας
598 1410 692 1485 illata,
712 1433 784 1474 cum
801 1409 890 1474 metri
904 1431 998 1472 causa
1012 1412 1121 1472 abesse
1140 1423 1259 1493 posset.
1289 1409 1450 1474 Nimirum

301 1533 425 1574 eumne
443 1508 603 1594 excipiant
622 1498 818 1576 Ποτειδαίας
840 1500 925 1596 ἀμφί
945 1504 1053 1572 πύλας
1068 1529 1104 1570 ea
1124 1519 1291 1570 monentur
1307 1511 1452 1588 lectores,

300 1631 340 1673 ne
358 1598 553 1675 Ποτειδαίας
577 1608 615 1669 au
643 1605 750 1674 πόλεις
767 1605 923 1693 Adjectivi
943 1605 1037 1668 instar
1056 1607 1200 1668 referant.
1244 1604 1358 1687 Igitur,
1382 1629 1450 1692 quie

301 1705 345 1770 vis
363 1719 411 1770 eat
427 1705 500 1769 huic
518 1707 648 1783 vocula,
677 1703 794 1768 nomini
815 1703 875 1766 vim
899 1703 982 1766 addit
1005 1703 1098 1788 idque
1120 1717 1268 1787 tanquam
1295 1703 1449 1767 Substan-

297 1803 394 1868 tivnm
407 1802 574 1884 separatim
592 1815 673 1866 ctare
683 1805 776 1888 juxta
793 1805 902 1870 πύλας
919 1800 1045 1865 indicat.
1091 1799 1209 1864 Eadem
1228 1821 1352 1884 promus
1373 1803 1444 1865 rati·

301 1923 361 1966 one
378 1898 514 1965 adhibita
539 1911 588 1962 est
615 1904 700 1982 apud
720 1898 908 1962 Pausaniam
926 1899 956 1960 in
981 1898 1228 1982 Epigrammnte,
1257 1921 1317 1983 quo
1337 1897 1444 1962 Tana·

299 1998 373 2083 grai
397 2010 535 2081 pateram
555 1995 712 2082 Olympiae
731 1995 866 2060 dicatam
887 1995 1107 2080 inscripserunt
1124 1996 1154 2059 in
1173 1995 1270 2058 Anth.
1288 1995 1321 2058 P.
1344 1995 1387 2060 Τ.
1404 2018 1447 2061 ιι.

303 2121 336 2182 p.
351 2097 428 2162 836.

380 2187 470 2263 Natis*
493 2189 555 2269 μὲν
580 2187 707 2284 φιιίλαν
733 2185 880 2283 χρυσίον
904 2185 986 2283 ἔχει,
1012 2188 1048 2258 ἐκ
1074 2182 1108 2258 δὲ
1132 2191 1312 2281 Τανάγρης

429 2291 491 2369 τῆς
518 2282 776 2366 Λακεδαιμονίοις
801 2281 1005 2380 συμμαχίδας
1030 2316 1075 2377 ’γε
1101 2285 1203 2356 τιθέν.

304 2391 347 2456 Γε
373 2389 440 2454 h.l.
472 2404 507 2454 ut
533 2391 678 2456 efferatur
705 2390 792 2454 notio
825 2391 899 2468 τῆς
924 2378 1185 2479 συμμαχίδος,
1220 2390 1306 2454 illius
1337 2413 1451 2475 nempe,

301 2511 368 2576 qitae
384 2489 549 2578 sociafuit
579 2489 837 2566 Lacedaemoniis,
859 2503 890 2552 et
918 2512 956 2551 ne
981 2485 1145 2577 συμμαχίς
1170 2503 1315 2574 tanquam
1347 2492 1452 2576 adjec-

305 2587 402 2654 tivum
420 2611 494 2652 cnm
510 2579 683 2681 Ταυιίιγρας
701 2601 802 2652 coeat.

377 2687 463 2757 V·7·
489 2690 1226 2756 EXOPONAOIMENEXOXITAQOMEPOX
1252 2690 1312 2749 ΗΟ

306 2783 467 2849 Sententia
484 2784 602 2866 integra
619 2797 686 2849 eat:
721 2784 871 2848 Hostium
891 2782 949 2847 ulii
977 2784 1102 2868 quidem
1125 2785 1211 2847 uncti
1231 2794 1302 2847 sunt
1321 2784 1454 2869 sepulcri

303 2880 447 2944 bonores.
502 2880 632 2944 Scilicet
648 2882 855 2945 Athenienses
873 2880 1001 2944 victoria
1019 2896 1107 2965 parta
1131 2874 1208 2949 τοιίς
1229 2877 1359 2970 νεκροιίς
1374 2876 1453 2947 υ“πα·

303 2966 461 3044 σπόνδους
477 2965 645 3041 ἀπέδοσαν
662 2977 732 3047 ταῖς
750 2967 1006 3045 Πυτειδαιάταις
1021 2978 1164 3062 Thucyd.
1179 3000 1204 3043 ι.
1221 2980 1275 3043 63.
1309 2981 1451 3045 Eandem

302 3098 366 3141 rem
381 3074 498 3138 iudicat
512 3073 750 3140 circumlocutio
768 3074 882 3166 τοίφου
896 3070 1008 3163 μέρος,
1024 3100 1138 3160 nempe
1153 3076 1340 3162 permissum
1354 3081 1453 3142 luerat

307 3178 349 3239 ul>
370 3172 615 3239 Atheniensibus
632 3175 737 3239 husten

383 3250 491 3390 Ταφφ
516 3298 557 3336 τε
580 3270 718 3365 κρύψαι,
742 3269 795 3337 καί
820 3266 867 3337 τὰ
891 3266 989 3336 πάντ’
1011 3272 1201 3364 ε’φαὙυίσαι

430 3396 452 3432 α
479 3370 551 3435 τοῖς
576 3364 727 3459 α’ρίστοις
751 3362 889 3459 ἔρχεται
914 3371 1006 3435 κιίτιυ
1032 3372 1162 3461 νεκροῖς,

307 3479 343 3530 ut
357 3465 391 3529 in
410 3488 441 3528 re
458 3466 549 3529 simili
566 3468 610 3531 ait
629 3469 805 3553 Sophocles
827 3469 991 3552 Antigonae
1010 3496 1041 3533 v.
1060 3474 1133 3543 296.
1152 3494 1292 3556 quocum
1313 3476 1455 3539 conferas

312 3560 428 3647 Eurip.
449 3562 587 3649 Supplic.
604 3573 680 3638 319.
707 3565 821 3631 Herm.
837 3566 940 3643 (309.)

384 3654 491 3747 Κᾲμαί
512 3662 682 3752 παραινεῖν
698 3658 735 3727 nii
749 3658 863 3754 φόβον
879 3661 985 3753 φέρει,
1013 3662 1134 3745 τέκνον,

383 3749 501 3848 ἄνδρας
516 3756 643 3842 βιαίους
663 3757 715 3826 καί
731 3760 973 3852 κατείργοντας
990 3757 1118 3853 νεκροιίς

384 3849 523 3948 Τοίφου
549 3884 595 3923 τε
616 3858 759 3948 μοίρας
779 3856 832 3923 καί
849 3857 1080 3949 κτερισμάτων
1093 3862 1213 3952 λαχεῖν

311 3970 343 4020 et
360 3980 452 4042 quem
470 3957 637 4022 Viscontue
654 3959 770 4032 laudat,
794 3958 935 4047 AEscliyl.
955 3960 1139 4045 Agammia.
1157 3987 1187 4025 v.
1204 3970 1282 4027 318.
1302 3964 1361 4029 ubi
1384 3963 1466 4031 Tal-

309 4054 434 4137 thybius
449 4054 546 4120 Troia
558 4080 697 4121 reversus
714 4056 774 4121 ait:

386 4148 438 4219 Ol
454 4151 527 4244 γοίρ
544 4149 621 4218 ποτ’
640 4146 762 4245 ηὔχουν
779 4144 850 4250 τῇδ
868 4149 901 4221 ἑν
918 4150 1057 4242 Ἀργείᾳ
1074 4156 1169 4222 πόλει

439 4248 550 4318 θανυίν
564 4249 715 4339 μεθέξειν
731 4250 904 4343 φιλτάτου
919 4251 1036 4345 τιίφου
1052 4252 1160 4343 μέρος.

311 4346 387 4412 Jam
405 4375 575 4437 praegresso
600 4345 752 4442 Ἐχθρῶν
776 4340 801 4414 δ
819 4348 855 4414 oi
877 4344 946 4429 μὲν
970 4342 1088 4441 ἔχουσι
1105 4352 1219 4444 τάφου
1241 4352 1355 4445 μέρος,
1378 4375 1473 4445 patet

313 4445 418 4511 literas
434 4455 505 4526 ΗΟ,
533 4474 662 4536 quarum
686 4450 839 4535 posterior
854 4449 979 4514 dimidia
996 4466 1116 4517 tantum
1133 4453 1278 4537 partein
1303 4478 1473 4525 mnemon

313 4562 465 4630 superent,
482 4552 610 4613 alterum
629 4547 785 4614 sententia»
803 4551 986 4625 membrum,
1011 4551 1104 4634 priori
1118 4550 1305 4636 oppositum
1319 4554 1472 4644 incipere
