3250 5350
217 447 289 518 xxii
642 467 985 520 enonueounur.

219 628 351 713 (ieiunum
370 629 434 712 τὴν
460 628 589 700 κόραιν·
616 627 653 699 ου’
682 627 755 721 *peip
781 627 890 711 noriam
916 629 962 730 ‘ro'
985 626 1129 721 a'pxeioo
1150 625 1307 699 baudra
1330 616 1411 702 ἀλλ’

220 761 295 834 ἀντὶ
320 769 381 832 τοῦ
401 795 431 846 η,
457 792 490 832 ee
513 755 577 832 tto
602 759 719 852 λε’·γειν
743 755 799 831 δύο
824 760 957 831 νεόεσιν.
1009 755 1188 852 Imprimis
1213 762 1414 838 notandum

221 904 276 966 eet
297 892 382 966 huic
415 891 495 964 loeo
526 891 614 962 nibil
644 913 830 962 esserum
867 913 912 961 eu
943 914 981 960 re
1011 890 1056 959 de
1082 911 1157 983 que
1187 888 1246 960 bie
1278 890 1414 988 egitur.

193 1024 326 1098 -Plno
356 1023 450 1095 enim
485 1021 581 1092 baud
616 1019 775 1116 loquitur
806 1021 852 1091 de
882 1019 990 1116 long-n
1026 1018 1141 1091 roouli
1174 1043 1242 1113 pro
1273 1021 1414 1093 duobus

220 1152 440 1249 simplicibus
480 1147 778 1222 concurrentibus
822 1148 949 1243 posite,
991 1159 1028 1220 at
1075 1148 1122 1219 de
1165 1151 1413 1223 contractiore

221 1285 375 1378 quadem
412 1279 499 1351 miro
533 1303 604 1373 que
634 1277 770 1372 syllaba
806 1311 875 1350 veo«
910 1276 946 1348 in
976 1311 1031 1362 νοη
1059 1285 1239 1362 mutetur;
1275 1302 1344 1352 nee
1380 1281 1413 1354 ui

220 1412 326 1485 aliter
362 1433 419 1481 res
462 1431 501 1480 se
542 1407 704 1492 baberet,
742 1407 980 1479 universatem
1024 1408 1206 1502 quendam
1248 1409 1412 1504 regulum

221 1543 341 1628 tradit,
368 1542 431 1612 sed
449 1541 587 1610 denno
604 1549 741 1609 tuntum
763 1539 876 1611 verbo
891 1538 1057 1632 disputet.
1108 1539 1246 1612 Totum
1265 1541 1411 1635 qnidam

220 1672 339 1743 locum
373 1668 432 1740 vix
464 1667 587 1738 ridere
621 1666 781 1761 potuisse
815 1667 1049 1739 Roebettiunr
1078 1669 1209 1739 'credo
1277 1668 1413 1740 Ultimo
1497 1695 1500 1698 ’

225 1817 322 1880 certe
338 1827 403 1899 per
425 1827 463 1874 se
490 1804 638 1874 advocat
651 1805 674 1889 ¹,
710 1827 793 1898 qum
821 1804 937 1898 primo
963 1803 1095 1875 intuitu
1127 1829 1173 1876 er
1200 1805 1279 1903 ejus
1302 1807 1418 1902 purtim

222 1937 290 2008 bue
321 1943 415 2003 stare
439 1929 618 2014 videntur,
644 1941 769 2021 posteo
795 1942 914 2002 nutem
948 1941 1133 2002 mutantur
1161 1943 1199 2002 et
1231 1935 1415 2010 contrario

222 2087 333 2162 poene
352 2061 451 2132 fiunt.
495 2058 674 2130 Nummos
696 2061 869 2152 quosdam
888 2059 1020 2133 deinde
1036 2059 1183 2154 profert,
1203 2061 1239 2131 in
1258 2085 1412 2157 quornm

221 2184 529 2286 primo-scribitur
557 2192 818 2269 ΕΣΤΡΕΔΙΙνς
857 2183 895 2254 in
928 2184 1044 2255 altero
1076 2193 1239 2268 bier-¹33
1276 2186 1413 2280 primus

224 2315 507 2412 Aspendiorum,
547 2312 636 2384 niter
679 2312 1000 2386 Posidoniecorum
1035 2314 1057 2386 i.
1077 2341 1108 2387 e.
1154 2315 1413 2390 Pbietuiiorum

221 2475 302 2526 esee
319 2446 459 2521 dicitur.
505 2446 637 2518 Postea
655 2445 752 2541 quod
769 2443 806 2515 in
825 2445 896 2516 ulio
913 2447 1040 2538 quouis
1058 2447 1207 2536 mireris,
1224 2472 1413 2522 nummum

222 2584 272 2654 ita
288 2577 502 2671 inscriptum
520 2576 683 2660 advocet,
717 2577 1061 2660 nlnussnnrnw,
1086 2584 1126 2645 ut
1138 2577 1226 2647 dune
1236 2575 1421 2671 simplices

222 2710 363 2784 ruentes
380 2728 446 2799 pro
462 2706 572 2800 longa
588 2705 781 2798 aliquando
799 2686 987 2798 usurpatus
1012 2731 1092 2778 esse
1111 2708 1261 2780 docent!
1288 2708 1416 2806 Nego

223 2846 308 2911 eunt
334 2836 412 2904 baec
438 2830 584 2917 omnia;
613 2844 650 2901 at
681 2831 841 2903 breuiter
869 2835 1071 2926 respondeo
1095 2836 1141 2906 de
1164 2838 1315 2907 duorum
1341 2838 1413 2932 pri-

148 2954 154 2959 *
223 2988 323 3038 orum
350 2982 576 3033 nummorum
601 2958 897 3053 interpretatione
924 2961 1011 3032 nibil
1036 2964 1126 3034 certi
1149 2966 1256 3038 statui
1283 2990 1411 3060 [ruem

223 3093 319 3190 quod
337 3090 366 3161 si
384 3086 463 3160 fieri
480 3098 612 3181 posset,
639 3096 676 3158 et
697 3088 847 3159 Graecos
861 3089 1054 3185 aliquando
1071 3091 1208 3163 literam
1226 3096 1420 3191 geminare

223 3219 447 3313 probaretur,
471 3213 551 3309 quio
569 3224 763 3310 propterea
786 3228 919 3287 certum
943 3242 1025 3290 esse
1049 3218 1155 3290 iidem
1178 3252 1212 3293 e·
1235 3245 1302 3315 pro
1321 3256 1353 3307 η,
1378 3234 1417 3293 et

224 3382 261 3421 oo
285 3370 352 3440 pro
377 3378 402 3415 ω
427 3344 570 3416 eosdem
595 3344 754 3417 scribere
777 3345 890 3417 solere
913 3348 1192 3421 contenderet³i

267 3552 432 3637 ¹Rochette
459 3552 542 3607 Deux
571 3551 677 3608 Lettres
701 3570 718 3608 a
743 3572 792 3631 my
843 3555 1092 3625 aticisobservari,
1114 3561 1141 3615 in
1156 3562 1255 3636 quibus
1269 3563 1324 3620 fere
1342 3584 1417 3622 sem-

227 3646 301 3705 Lord
321 3646 423 3703 Comte
444 3646 627 3715 d'Aberdeen,
647 3666 676 3720 p.
692 3652 740 3712 57.
844 3667 892 3720 per
905 3649 938 3707 fit
952 3651 1011 3706 baee
1030 3652 1158 3709 mutntio.
1200 3654 1232 3709 ln
1247 3654 1415 3714 Cockereiiii

267 3740 278 3771 '
297 3741 342 3797 De
356 3742 493 3815 scripturo
507 3742 675 3819 Apxno'xor,
697 3745 794 3821 Αχαι-
843 3744 952 3803 schediu
968 3764 1044 3820 eaepe
1065 3747 1118 3806 boc
1137 3748 1335 3809 animadverti.
1358 3752 1416 3810 No.

224 3834 256 3913 ir,
277 3859 304 3891 κ.
316 3858 345 3890 τ.
359 3844 387 3889 λ.
415 3833 449 3890 cs.
480 3832 603 3890 Brundi.
632 3834 667 3887 ad
696 3834 794 3889 AESCh·
847 3841 1269 3917 145.(Oiimpeni)aeoiteirr1r,
1294 3853 1360 3906 105.
1388 3860 1417 3908 ei

227 3929 301 4003 Sept.
327 3928 418 3985 Theb.
446 3934 494 3985 28.
537 3926 639 3989 Elmsl.
661 3928 695 3983 ad
725 3928 793 3985 Eur·
849 3938 915 3989 150.
929 3934 1019 4007 (Side)
1033 3939 1165 4004 reinquere,
1190 3945 1255 3995 153.
1268 3940 1363 4016 (ibid.)

226 4022 341 4081 Heroni.
369 4027 417 4079 84.
462 4020 619 4079 Hermann.
644 4022 679 4079 ad
707 4023 793 4096 Sopb.
1004 4028 1195 4098 ’Atanatoetss

227 4116 361 4173 Trachin.
379 4120 426 4181 74.
449 4122 476 4169 et
495 4115 646 4187 presertim
675 4116 793 4173 Lobeck.
1008 4124 1190 4195 Νεμεοηίκης

226 4210 261 4266 ud
277 4208 471 4283 Phrynichum
484 4226 512 4280 p.
522 4213 570 4273 39·
1005 4218 1144 4287 ἀνέθηκεν.

265 4307 279 4342 ⁸
299 4304 403 4360 Forsan
422 4304 498 4359 houd
514 4322 531 4358 e
550 4321 578 4358 re
592 4304 690 4373 aberit,
711 4305 735 4361 si
748 4306 794 4362 hic
846 4310 892 4368 Cf.
905 4330 1014 4386 quoque
1031 4311 1172 4370 Dodwell.
1185 4330 1225 4369 11.
1241 4320 1309 4371 283.
1333 4314 1417 4370 Whe-

227 4399 391 4455 recentiores
407 4398 524 4455 Graecoe
536 4418 585 4475 pro
600 4397 697 4477 alonge
713 4401 794 4475 diph-
846 4404 894 4460 ier.
917 4424 943 4474 p.
959 4403 1029 4463 ³86.
1074 4407 1160 4464 Plura
1183 4410 1319 4467 advocare
1341 4411 1415 4467 huud

225 4494 360 4571 tbongum
377 4517 399 4551 ει
414 4494 559 4565 usurpisse
570 4502 675 4555 notem.
698 4496 792 4565 Quem
844 4518 914 4574 opus
928 4512 980 4559 eet.
1002 4503 1049 4559 De
1061 4503 1113 4560 bac
1126 4522 1155 4560 re
1170 4507 1243 4578 apud
1254 4506 1369 4563 Latinos
1379 4506 1418 4566 ei.

225 4602 284 4643 rem
299 4584 436 4660 praecipue
449 4586 477 4644 in
491 4588 714 4664 inscriptionibus
729 4593 794 4649 Asi·
847 4592 982 4661 Quinctil.
999 4614 1021 4653 1.
1037 4604 1066 4661 7.
1088 4594 1156 4653 Aul.
1173 4598 1249 4656 Gell.
1266 4616 1348 4656 xrrr.
1365 4604 1414 4657 24.
