3250 5350
155 473 281 537 insen.
305 462 388 562 HL]
732 480 801 555 295

352 637 635 738 Ἀσκλοπιύίινρος
660 644 812 716 Πονθίαο
834 649 1044 739 Τοροντῖνοε’

455 768 649 855 Κωμοίῖιιύόε
676 768 881 866 (ΚομοΡυδοε
905 772 963 863 C.)

357 901 590 996 Νικόστρατος
615 902 842 997 Φιλοστράτω
868 902 1031 991 Θειβεῖοε·

453 1029 500 1100 τὰ
519 1029 658 1101 ἐπινίκια
682 1027 894 1113 κωμοΡνδόε·

350 1155 519 1254 Ἔοορχοε
533 1156 722 1256 Ἕιρούύτοι
749 1160 939 1257 Κορωνεῦεο’

234 1318 278 1390 In
306 1318 374 1389 hac
404 1316 643 1412 inscriptione
671 1328 916 1389 memorantur
944 1317 1147 1417 Charitesia
1172 1318 1248 1391 ludi
1270 1272 1351 1391 'Or-

156 1452 325 1525 chomani
364 1453 402 1521 in
442 1452 632 1523 honorem
655 1452 863 1525 Gratiarum
900 1453 985 1538 acti,
1019 1462 1193 1549 quantum
1228 1436 1348 1526 autern

156 1602 241 1675 ego·
266 1577 375 1649 eciam
409 1602 432 1649 o
467 1579 566 1651 nullo
601 1588 749 1651 auctore
785 1579 982 1651 memorati.
1048 1581 1107 1653 De
1128 1560 1349 1653 ¹Gratiarum

158 1718 280 1780 temen
315 1709 537 1781 Orchomeni
577 1709 675 1781 cuitu
709 1718 887 1781 res'nota
919 1718 984 1781 est.
1046 1710 1140 1783 Satis
1171 1698 1226 1785 est
1263 1709 1352 1782 Pin-

162 1837 301 1909 (luruml
330 1835 513 1932 appellare
537 1835 587 1909 ita
618 1847 821 1909 canentem.

459 1981 486 2056 οἶ
507 1990 651 2080 λιπαρᾶς
675 1980 814 2066 ἀοίδιμοι
838 1986 1009 2074 βοσιλείαι

460 2114 610 2209 Χάριτες
633 2113 850 2207 Ὀρχομενοῦ.
1121 2088 1122 2093 ¹

240 2262 288 2335 Et
314 2260 470 2335 Nonni⁸
496 2263 618 2336 rerba.

309 2407 346 2482 ὃν
372 2412 477 2509 Χόριε
499 2411 624 2484 οὔποτε
649 2417 760 2483 λείπει

322 2538 525 2636 Ὀρχομενοῦ
552 2537 680 2611 Μινύαο
704 2544 907 2636 χοροίτοπον
932 2535 1036 2611 ἔλουε
1061 2538 1225 2635 Ἐρώτιον.

239 2707 346 2779 Adde
371 2707 615 2780 Theocritea³
642 2709 740 2790 istas

312 2866 337 2928 ὧ
360 2859 568 2931 Ἐτεύκλιιοι
594 2858 765 2955 θύγατρες
788 2861 860 2930 θεαί
887 2858 949 2929 τᾶν
971 2857 1125 2930 Μινύειον

313 2988 517 3085 Ὀρχομενύν
541 2988 728 3086 φιλίουσοι.

241 3146 315 3236 Qui
349 3149 469 3243 plura,
488 3149 574 3235 vult,
612 3150 657 3219 ad
687 3159 851 3220 auctores
894 3149 929 3219 in
976 3159 1061 3221 nota
1106 3148 1231 3221 citatos
1273 3153 1361 3226 rele-

161 3281 308 3376 gandus
339 3283 428 3352 est⁴.
482 3280 541 3353 De
570 3281 649 3377 ipso
682 3282 917 3353 Orchomeno
944 3281 1077 3376 optime
1104 3304 1220 3376 nuper
1252 3286 1362 3380 scrip·

164 3407 215 3478 sit
239 3407 457 3490 Boethium,
483 3421 520 3478 et
545 3410 727 3480 recentius
750 3407 868 3478 adhuc
891 3407 927 3476 in
952 3406 1125 3504 singulari
1150 3407 1241 3481 libro
1266 3414 1364 3486 omni

164 3540 334 3625 doctrina
359 3541 494 3612 referto
521 3539 737 3612 Miillerus⁶.
1061 3523 1068 3534 ⁸

248 3667 343 3740 Haec
388 3681 508 3740 autem
551 3669 737 3763 inscriptio
784 3694 805 3738 a
851 3666 998 3738 Clarkio
1038 3678 1182 3762 reperta
1228 3680 1282 3743 est
1327 3673 1362 3744 in

168 3799 327 3873 ecclesia
360 3798 580 3883 monasterii,
616 3823 660 3870 eo
697 3798 777 3893 ipso
812 3799 893 3870 loco
924 3796 1106 3881 exstructi,
1139 3806 1180 3868 ut
1211 3798 1363 3884 videtur,

170 3954 249 4026 quo
281 3928 364 4000 olim
400 3928 607 3999 Gratiarum
646 3926 832 4021 templum.
886 3923 968 4014 Quo
1003 3933 1164 4019 tempore
1197 3927 1366 3999 marmori

212 4158 222 4188 ¹
244 4156 295 4214 01.
309 4175 383 4215 xrr.
395 4162 424 4213 3.
838 4155 850 4192 ⁵
871 4151 980 4208 Bockh.
996 4151 1033 4208 11.
1049 4169 1078 4224 ρ.
1092 4145 1161 4208 366.
1175 4167 1217 4224 sq.

212 4251 224 4281 ι

214 4253 529 4400 ’iiiiicjiiiiiiia
839 4340 989 4398 ‘Manen
1014 4336 1204 4397 Geschichten
1229 4335 1369 4396 Hellenia·

213 4439 295 4498 ⁴Cf.
317 4440 440 4497 Canaub.
464 4439 500 4495 od
527 4437 619 4494 strab.
643 4455 693 4495 lx.
720 4456 745 4510 ρ.
799 4437 868 4494 cher
897 4435 1023 4492 St'amme
1054 4433 1108 4488 und
1139 4431 1246 4489 Stadte.
1278 4429 1312 4486 B.
1342 4430 1366 4490 1.

171 4533 247 4595 602.
281 4535 378 4591 Kuhn.
399 4535 435 4591 ad
458 4534 580 4592 Pausan.
603 4550 653 4590 rx.
673 4537 721 4590 38.
801 4532 998 4590 Orchomenos
1019 4528 1074 4585 und
1096 4528 1139 4585 die
1161 4526 1282 4603 Minyer.
