3250 5350
74 527 75 530 ι
189 511 322 584 tmen.
347 507 405 594 ιι]
753 523 822 586 sss

189 691 300 764 nimis
317 713 427 788 parre
445 699 500 762 est
517 691 688 781 Διωβελῑα
705 691 764 762 bic
781 701 977 766 memoratu
993 717 1060 790 pro
1078 693 1210 767 ciuium
1227 717 1391 774 numero.

74 809 75 854 ³
190 821 342 919 Aliquid
370 841 459 919 ergo
486 816 525 890 in
552 820 645 893 bunc
672 821 865 910 Διωβελίαν
889 843 935 894 er
961 821 1041 894 aliis
1064 823 1243 897 thesauris
1268 824 1390 900 forsan

191 953 316 1024 dutum
344 959 412 1024 est.

271 1082 316 1154 L.
342 1095 401 1155 24.
440 1094 602 1164 ΣΙΤοΝ.
658 1079 772 1154 Ειιοι
808 1079 931 1154 forsan
973 1081 1185 1179 sculptoris3
1229 1081 1393 1178 quumvis

192 1214 303 1303 enim,
332 1224 374 1287 ut
401 1227 498 1290 recte
529 1213 727 1299 Boethius,
758 1213 892 1286 locutio
920 1215 1006 1287 satis
1032 1215 1164 1288 Graecs
1195 1214 1255 1300 sit,
1281 1236 1393 1311 supm

193 1351 297 1421 Σῖτος
318 1347 354 1418 in
374 1346 442 1420 huc
468 1371 520 1421 re.
572 1345 616 1421 In
643 1345 886 1419 Antbesteriis
912 1369 1055 1444 semper
1079 1347 1222 1445 equites
1245 1346 1393 1420 incede·

192 1479 286 1553 bunt
300 1479 325 1550 ¹.

272 1627 319 1700 L.
340 1639 399 1700 25.
444 1631 611 1710 turoi.
651 1627 832 1702 Biickhius
850 1635 1111 1722 errorum)
1129 1627 1397 1704 BurtheIemius

198 1769 523 1858 ruboratior).
565 1759 663 1852 Quid
689 1759 758 1834 sibi
784 1760 871 1834 uelit
896 1758 1093 1849 Boethius,
1116 1760 1232 1834 tribus
1256 1769 1396 1834 tuntum
1545 1764 1551 1780 ‘

195 1891 311 1966 literis
335 1892 486 1988 (pretor
508 1899 539 1966 A
563 1891 661 1966 vocis
680 1887 871 1992 Ἀφιδναὶοι)
891 1892 1010 1966 Iocum
1034 1915 1115 1966 esse
1138 1891 1277 1980 dicens,
1299 1891 1397 1965 bsud

198 2021 377 2120 intelligo.
431 2021 596 2096 Marmor
620 2024 718 2096 haud
745 2019 924 2124 στοιχηδδν
949 2021 1128 2098 scribitur.

277 2169 398 2245 Pnrr.
422 2165 536 2242 VIII.
582 2167 695 2244 Nulla
712 2171 887 2261 Amdstia
902 2168 962 2242 bic
979 2177 1208 2259 memoratur,
1236 2169 1399 2267 quemvis

201 2303 239 2376 in
276 2303 374 2374 hane
408 2299 621 2398 Prytnniam
655 2299 850 2374 inciderint
883 2300 1038 2397 maxima
1071 2306 1281 2376 Διοννσίακα.
1339 2299 1400 2374 De

202 2455 279 2530 qua
303 2454 344 2503 re
362 2429 413 2502 ita
433 2427 744 2502 .Bnrtheiomius².
789 2436 814 2470 “
828 2427 900 2500 Les
921 2430 1018 2500 deux
1039 2426 1164 2500 oboles
1187 2426 1402 2502 distribuies

201 2585 250 2633 au
284 2558 436 2656 peupIes
468 2579 516 2630 ne
548 2566 631 2630 sont
652 2581 717 2654 pas
751 2556 1002 2631 mentionntes
1032 2557 1123 2630 dans
1154 2558 1403 2658 I'inscription,

202 2717 289 2767 saus
307 2694 419 2766 doute
437 2714 548 2789 parce
566 2697 673 2789 qu’on
697 2690 780 2765 n’en
800 2688 923 2764 faisoit
944 2686 1008 2787 ‘pus
1029 2690 1194 2792 toujours
1211 2714 1263 2763 nn
1279 2690 1403 2767 article

203 2820 370 2922 sdpsrr'e.'’
425 2822 498 2895 Sed
513 2846 595 2896 cum
614 2822 720 2896 toties
739 2824 914 2915 Διωβιλία
930 2832 1161 2909 memoretur,
1179 2820 1296 2923 magis
1311 2823 1405 2897 veri·

204 2960 322 3035 simiIe
338 2960 483 3034 videtur
496 2960 689 3057 pecuniam
708 2982 781 3055 qua
795 2960 843 3032 sd
860 2982 939 3033 esm
958 2984 1033 3033 rem
1052 2984 1143 3056 opus
1161 2971 1256 3037 esset
1272 2987 1318 3038 ex
1331 2962 1404 3036 alio

205 3092 365 3191 quodam
383 3091 554 3163 thesauro
570 3062 733 3162 huusinm
753 3113 846 3177 esse,
865 3112 1030 3187 eumque,
1050 3113 1134 3187 quae
1152 3092 1212 3165 bic
1227 3091 1403 3178 innuitur,

203 3226 295 3299 alios
325 3246 509 3297 sacrorum
543 3209 706 3319 sumptus
741 3223 1006 3319 suppeditasse.
1048 3222 1244 3312 Praeterea,
1286 3229 1406 3323 θεωρία

204 3360 253 3431 ud
279 3358 386 3431 Indos
421 3353 621 3452 Delphicus
649 3378 791 3451 semper
818 3354 865 3426 ab
893 3352 1177 3427 Atheniensibus
1204 3354 1311 3428 missu
1339 3365 1406 3430 est.

204 3486 334 3561 Ludos
357 3497 478 3561 autem
507 3483 706 3582 Delphicus
726 3482 833 3556 tertio
852 3482 1030 3581 cujusque
1050 3484 1276 3583 Olympiadis
1293 3510 1404 3574 nuno,

206 3629 247 3692 et
276 3618 349 3691 hoc
380 3616 461 3714 ipso
490 3613 765 3711 omnitempore
795 3636 874 3687 esse
903 3612 1105 3687 celebratos
1135 3617 1293 3694 ostendit
1316 3618 1408 3695 Cor·

204 3750 371 3825 sinius³.'
421 3760 561 3849 θεωροῖς
582 3773 672 3847 ergo
697 3750 820 3823 forsan
845 3773 929 3845 pars
956 3750 1066 3849 hujus
1087 3752 1254 3848 pecunius
1282 3776 1408 3827 nume·

202 3894 289 3959 rate
314 3896 381 3959 est.

289 4018 454 4110 Questio
478 4018 538 4092 bic
565 4017 692 4092 incidit
717 4022 763 4094 de
789 4045 942 4095 numero
969 4018 1110 4093 dierum
1134 4020 1288 4120 singulis
1317 4021 1409 4121 Pry-

205 4152 321 4226 taniis
339 4150 548 4227 tribuendo.
602 4156 732 4226 Annus
750 4152 1028 4227 Atheniensium
1045 4152 1215 4252 vulgaris,
1236 4162 1279 4226 ut
1293 4154 1410 4229 omni·

202 4286 282 4359 bus
314 4295 454 4373 notum,
491 4296 567 4360 354
602 4285 679 4359 dies
712 4285 933 4361 continebat.
1002 4282 1097 4358 Cum
1130 4297 1252 4359 sutem
1283 4287 1410 4363 decem

255 4569 443 4633 ‘nemun
456 4592 482 4631 c.
497 4567 694 4648 ntupum.
710 4572 742 4633 s.
882 4570 1024 4628 ⁸corsn.
1065 4570 1185 4632 ossen
1218 4543 1351 4651 rium
1373 4542 1425 4633 ιι]

254 4666 269 4697 ²
290 4665 347 4722 Ubi
361 4686 445 4743 supra
458 4688 485 4743 p.
500 4674 570 4733 871.
842 4687 869 4741 ρ.
884 4671 935 4738 38,
946 4672 997 4737 45,
1007 4675 1037 4722 et
1047 4662 1096 4723 46.
