3250 5350
597 525 946 576 enouecorrsus.
1298 498 1346 568 lix

228 675 460 748 Thesaurum
480 675 760 772 inscriptionum
775 677 930 773 primum
948 673 1060 749 edidit
1074 671 1112 746 J.
1130 673 1345 746 Mazochius

151 804 224 894 (rel
242 816 285 878 ut
300 806 361 878 alii
372 807 498 879 volunt
514 809 559 880 Α.
575 807 741 900 Fulvius)
756 807 885 880 Rome
898 829 933 878 s.
951 817 1112 893 111521,
1130 804 1343 887 secundum,

148 936 272 1018 credo,
310 935 549 1034 ingolstadtii,
586 934 747 1030 Apianus
785 945 824 1006 et
869 934 1062 1006 Amantius
1101 956 1186 1004 co.
1218 941 1311 1004 15³4
1322 927 1345 1000 ¹.

149 1061 285 1136 Postea
318 1066 417 1138 multi
442 1064 695 1162 inscriptiones
721 1065 916 1162 colligendi
944 1062 1064 1136 studio
1094 1061 1345 1147 trahebantur,

148 1189 245 1264 inter
291 1217 383 1289 quoe
423 1193 621 1268 eminuisse
656 1191 798 1266 videtur
833 1191 1015 1265 Martinus
1050 1191 1220 1279 Smetius,
1259 1213 1342 1278 cum

146 1323 349 1419 diligentia,
388 1335 464 1396 tum
496 1323 684 1426 patientia.
752 1321 886 1394 Postea
916 1322 1013 1393 enim
1049 1344 1156 1416 quam
1190 1318 1343 1414 inscrip-

148 1453 266 1525 tiones
295 1478 377 1525 suas
409 1455 454 1526 ad
482 1453 644 1525 ordinem
674 1451 886 1549 redegisset,
915 1451 1044 1522 domus
1071 1448 1242 1522 universa
1270 1469 1344 1517 una

147 1604 229 1651 cum
258 1580 429 1652 chartulis
456 1579 533 1652 iere
563 1577 732 1650 omnibus
763 1577 996 1649 comburitur.
1039 1577 1208 1648 Attamur
1236 1573 1344 1646 omici

139 1711 261 1806 jussu,
299 1709 532 1782 'thesaurum
563 1733 668 1781 suum
702 1729 850 1803 quoquo
885 1707 1003 1801 potuit
1033 1707 1140 1780 modo
1177 1704 1342 1790 restituit,

145 1854 182 1914 et
218 1843 383 1914 laurino
416 1845 512 1916 dono
543 1843 655 1929 dedit,
689 1867 711 1914 a
745 1866 818 1938 quo
851 1844 937 1914 dum
973 1869 1038 1940 per
1072 1827 1344 1943 Belgium'iter

145 1974 295 2059 faceret,
339 1971 461 2044 omnis
492 1974 539 2045 nb
574 1971 694 2070 Anglo
725 1972 881 2066 quodam
918 1972 1028 2046 milite
1062 1975 1214 2068 abrepta
1244 1982 1342 2046 sunt.

146 2100 283 2171 Postea
312 2109 433 2171 autem
461 2095 580 2172 Janus
610 2099 738 2170 Douse
767 2121 858 2192 opus
891 2097 1018 2172 Smetii
1050 2099 1088 2171 in
1124 2101 1257 2198 Anglia
1285 2125 1342 2174 re·

145 2227 240 2326 perit
262 2243 376 2325 atque
400 2233 448 2304 ab
474 2233 544 2304 hoc
566 2231 676 2303 milite
699 2231 796 2318 emit,
823 2255 903 2317 nec,
930 2231 1040 2329 longo
1063 2243 1144 2328 post
1165 2243 1341 2330 tempore,

145 2361 276 2457 Lipsio
321 2362 483 2457 auspice,
521 2361 693 2460 Lugduni
736 2361 951 2434 Batavorum
990 2363 1170 2434 edendum
1205 2363 1344 2438 curavit

144 2513 178 2562 s.
209 2513 248 2561 o.
283 2497 392 2559 1588.
426 2485 553 2561 Smetii
577 2511 687 2582 *opus
727 2511 808 2560 curn
846 2489 1019 2560 recudere
1053 2489 1189 2561 vellent
1229 2489 1342 2562 Scali-

141 2637 260 2715 gerus
284 2624 322 2686 et
349 2615 530 2703 velserus,
556 2639 579 2687 o
607 2615 767 2689 Grutero
798 2613 1036 2709 impetravere
1065 2623 1105 2685 ut
1136 2637 1260 2690 eorum
1284 2639 1343 2687 co·

142 2750 294 2823 natibus
341 2750 586 2829 auxiliaretur.
654 2750 755 2847 Ergo
802 2749 859 2821 ille
899 2774 966 2844 per
1010 2750 1178 2847 epistolas
1215 2775 1341 2826 omnes

142 2877 221 2951 lere
240 2877 403 2949 eruditos
420 2900 485 2971 per
502 2876 685 2972 Europam
709 2878 824 2951 oravit
843 2887 884 2949 ut
899 2878 1098 2976 symbolam
1121 2876 1341 2955 conferrent.

143 3004 216 3095 Qui
249 3028 334 3075 cum
362 3004 442 3102 ejus
478 3005 646 3100 precibus
677 3008 901 3092 annuissent,
940 3018 978 3079 et
1014 3032 1138 3081 eorum
1171 3034 1241 3105 ope
1261 3014 1341 3110 jam

110 3120 113 3127 ⁵
144 3156 321 3232 magnum
365 3130 636 3227 inscriptionum
683 3157 871 3207 numerum
906 3134 1085 3209 Gruterus
1124 3137 1341 3235 collegisset,

143 3263 433 3360 Scaligerusque
489 3260 633 3332 Indices
678 3261 866 3357 (undecim
914 3264 1089 3333 mensium
1135 3262 1239 3357 opus)
1277 3288 1343 3359 ap·

143 3393 340 3488 posuisset,
366 3388 677 3483 “inscriptionum
700 3400 862 3462 veterum
879 3389 1033 3462 Romani
1051 3389 1149 3463 orbis
1160 3400 1182 3425 ’³
1210 3390 1342 3489 ingens

144 3520 314 3592 volumen
338 3515 451 3588 edidit
467 3516 647 3588 Gruterus
670 3516 948 3615 Heidelbergae,
968 3516 1188 3591 n.1>.1601.
1240 3519 1342 3591 ldem

146 3670 236 3743 opus
253 3646 367 3740 longe
380 3642 522 3715 auctius
540 3664 621 3714 cum
640 3644 732 3715 notis
745 3644 871 3729 Gudii,
888 3644 1036 3730 Graevii,
1055 3655 1165 3740 atque
1178 3645 1341 3732 eliorum,

147 3776 278 3847 edente
313 3771 540 3856 Burmanno,
575 3772 834 3843 Amstelodami
872 3796 907 3844 a.
925 3798 962 3846 n.
1000 3784 1108 3861 1707,
1135 3774 1340 3871 evulgatum

186 3955 266 4012 ¹Ct'.
295 3954 394 4011 Burm.
424 3950 508 4009 Praes.
542 3950 578 4007 ad
607 3950 721 4007 Gruter.
774 3954 1076 4027 152t.men.April.”

146 4056 234 4114 Thes.
248 4072 279 4128 p.
292 4058 323 4111 5.
345 4051 454 4109 Titulos
468 4051 569 4107 borum
587 4048 722 4105 librorum
771 4053 800 4105 2.
823 4048 953 4104 “Petrus
966 4031 1104 4122 Apianus.
1148 4045 1343 4123 lmoriptiones

148 4152 207 4226 (qui
235 4148 265 4204 in
291 4148 369 4205 Mus.
396 4145 506 4201 Britsn.
534 4146 648 4222 emant)
674 4162 723 4199 ex·
771 4148 972 4197 sacro-sanctae
985 4140 1132 4199 vaustntis
1145 4160 1201 4199 non
1214 4139 1271 4197 illae
1284 4142 1344 4215 qui·

149 4245 258 4300 scribo:
771 4236 836 4292 dem
856 4234 994 4291 Romnnre
1012 4236 1061 4293 sed
1082 4237 1166 4293 totius
1182 4236 1240 4293 sere
1256 4237 1342 4306 orbis,

149 4348 175 4396 1.
210 4345 232 4375 ‘⁴
241 4335 462 4411 Epigrammata
475 4334 596 4407 antique
617 4330 724 4402 urbis,”
774 4344 887 4384 summo
904 4327 1041 4384 smdioac
1058 4326 1192 4383 maximis
1210 4327 1343 4400 impensis

147 4432 182 4489 ed
225 4429 314 4486 finem
343 4428 407 4485 libri
449 4429 511 4484 haec
548 4425 725 4501 adjiciuntur.
774 4431 851 4478 terre
873 4422 1000 4498 marique
1022 4420 1208 4497 conquisitae.''
1247 4420 1336 4495 lugol-

145 4535 164 4561 “
173 4525 280 4583 Romae
294 4524 323 4581 in
338 4522 443 4580 sedibus
458 4520 557 4580 Jacobi
571 4516 725 4588 Mesochii,
776 4516 861 4574 stadt.
878 4521 964 4573 1534.
