3250 5350
133 450 262 515 lusor.
289 442 348 518 11.]
702 448 773 527 227

211 602 252 697 P.
271 638 305 694 2.
332 623 355 694 Ι.
376 634 411 695 5.
452 623 635 694 Recensio
663 623 839 694 donorum
867 644 916 695 ‚ex
945 619 1000 692 his
1032 621 1151 717 verbis
1178 618 1324 692 orditur.

132 759 616 831 etnrsxevxesxxexn.
669 750 759 823 Hrec
787 752 822 824 in
849 753 988 825 duabus
1016 776 1099 847 quae
1124 762 1327 847 sequuntur

133 879 296 972 partibus
324 900 393 949 uec
423 888 559 963 extant,
587 901 655 951 nec
683 888 843 974 unquam
877 879 1041 953 extitere.
1095 878 1168 951 Sed
1197 878 1327 949 lacuna

132 1024 181 1073 ex
203 1002 316 1074 altero
342 1002 455 1076 latere
486 1004 590 1075 facile
618 1004 775 1099 suppleri
803 1014 930 1098 potest.
984 1004 1039 1075 lbi
1072 1002 1167 1075 enim
1195 1002 1329 1099 legitur

133 1132 171 1202 in
214 1132 316 1204 initio
359 1136 529 1206 secundae
552 1132 809 1227 ‘recensionis
855 1106 1327 1224 etnrext’rizaemmez

133 1267 554 1338 ΑΠΟΡΡΆΙΝΟΝΤΑΙ.
607 1261 747 1351 Quibus
775 1262 996 1359 temporibus
1019 1261 1134 1332 altera
1163 1270 1200 1331 et
1222 1258 1328 1330 tertia

132 1389 296 1460 recensio
323 1388 429 1460 tactae
463 1400 559 1475 sunt,
591 1392 724 1475 forsan,
752 1415 933 1464 sacrorum
964 1413 1084 1475 causa,
1110 1412 1132 1461 a
1158 1414 1223 1461 suo
1246 1388 1328 1460 loco

133 1525 297 1609 ereptum
325 1514 444 1587 fuerat
469 1517 652 1612 poculum.
677 1600 683 1615 .

208 1647 250 1717 P.
267 1662 300 1716 2.
328 1645 350 1718 1.
370 1654 413 1718 s:
453 1656 594 1722 Σταθον.
649 1652 706 1722 lta
729 1653 764 1723 in
791 1676 976 1725 marmore.
1030 1652 1166 1724 Eadem
1187 1650 1327 1722 incuria

133 1774 226 1846 infra
243 1776 266 1846 Ι.
281 1788 343 1846 35.
372 1785 585 1853 ΑΘΕΝΑΙΣ
612 1803 694 1879 ρτοΙ
711 1788 974 1877 apennini·
1027 1779 1113 1854 Nec
1133 1780 1253 1852 forsan
1279 1781 1327 1853 ab

133 1904 201 1977 alia
218 1928 327 1976 causa
348 1928 456 1999 quern
476 1907 669 2003 sculptoris
688 1910 829 1981 incuria
846 1922 925 1982 orta
944 1920 999 1981 est
1021 1933 1066 1981 ea
1085 1908 1332 1981 inconstantia.

135 2060 250 2135 quarn¹
287 2062 369 2109 cum
401 2038 438 2109 iu
486 2040 556 2111 hoc
593 2050 668 2112 tum
702 2041 737 2111 in
771 2040 852 2112 aliis
886 2041 1135 2125 marmoribus,
1162 2040 1326 2111 videmus

133 2184 242 2269 atque
278 2176 458 2247 miramur.
514 2176 570 2247 lta
603 2177 626 2247 1.
659 2190 692 2247 5.
724 2183 955 2251 ΡΡΟΝΕΟΙ.
992 2191 1028 2246 et
1059 2186 1183 2270 postea
1216 2176 1239 2246 l.
1268 2186 1329 2245 38.

138 2298 417 2388 ΡΡΟΝΕΙΟΟ).

209 2418 252 2488 L.
277 2430 331 2503 13,
361 2431 416 2488 14.
470 2419 656 2492 lacunam
682 2422 738 2492 hic
768 2419 914 2514 explere
938 2442 1093 2513 nequeo.
1148 2418 1328 2513 Imprimis

136 2544 307 2616 habemus
333 2546 455 2617 Φιᾶλαι
478 2549 624 2643 ἀργυραῖ
658 2556 683 2617 [¹
726 2548 880 2628 σταθμὸν
911 2543 1040 2617 τοῦτων
1079 2553 1330 2622 ΗΗΗΗΔΗΙ·

121 2679 217 2764 'quae
230 2673 556 2767 sequunturliterae
569 2683 638 2745 ΑΡ.
667 2675 766 2746 Tum
780 2673 817 2744 in
830 2674 927 2744 linea
938 2676 1233 2769 quatuordecima
1246 2685 1330 2770 post
1391 2737 1395 2743 ,

136 2812 239 2872 notas
257 2811 313 2891 t·t·,
330 2813 454 2876 extant
465 2805 611 2902 Ἀργυρὶς
628 2815 642 2877 1
660 2808 809 2894 σταθμὸν
824 2806 950 2890 ταύτης
966 2817 1055 2904 fflA.
1100 2809 1143 2879 ln
1161 2807 1330 2879 secundis

136 2943 173 3004 et
218 2933 332 3006 tertiis
375 2938 538 3031 partibus
588 2939 685 3012 iuter
730 2939 874 3011 easdem
923 2941 1051 3013 Φιάλας
1101 2941 1330 3036 eandemque

135 3059 305 3160 Ἀργυρὶδα
331 3065 409 3135 haec
433 3066 647 3162 injiciuntur
671 3070 820 3165 'Ap‘yupir
844 3075 860 3138 l
880 3068 1030 3152 σταθμόν
1048 3067 1174 3152 ταύτης
1197 3075 1325 3140 ΗΔΗκ

140 3195 304 3289 Ποτήριον
333 3198 501 3292 ἀργυροῦν
534 3200 688 3281 σταθμδν
718 3199 843 3269 τούτου
857 3254 865 3268 .
879 3206 1030 3284 ΔΔΔΔ,
1064 3199 1331 3294 quinquaginta

138 3349 184 3396 sc.
224 3349 304 3396 cum
338 3349 401 3398 sex
435 3327 558 3400 literis.
623 3327 696 3398 Sed
729 3327 766 3396 in
800 3327 915 3419 prima
947 3335 1061 3418 parte,
1094 3325 1225 3395 lacuna
1255 3350 1333 3396 non

139 3455 205 3526 nisi
242 3455 480 3552 quadraginta
516 3457 678 3552 quinque
713 3457 874 3548 recipere
905 3463 1033 3547 potest.
1085 3453 1224 3524 Erebis
1248 3477 1331 3549 quoe

139 3593 263 3656 extent
303 3593 366 3655 ΑΡ
401 3587 486 3656 satis
521 3587 716 3658 ostendunt
754 3584 849 3655 illam
884 3578 1150 3677 'sip-yoptiacui
1189 3582 1332 3674 pondus

141 3719 258 3788 ΗΔΗτ
276 3715 311 3782 in
332 3737 509 3785 marmore
532 3716 614 3786 olim
634 3712 816 3796 extitisse3
841 3711 1020 3804 quomodo
1036 3721 1156 3780 autem
1172 3711 1334 3804 ποτήριον

140 3850 226 3922 illud
243 3851 344 3947 injici
363 3853 473 3945 possit
490 3855 586 3925 haud
602 3853 718 3924 video.
759 3848 857 3923 Nam
873 3859 1045 3942 praeterea
1065 3847 1161 3940 quod
1178 3845 1331 3940 spatium

139 3989 257 4052 tantas
291 3983 411 4055 literas
445 4006 575 4081 capere
605 3992 777 4077 nequeat,
812 3991 937 4051 extant
971 3979 1007 4049 in
1042 3977 1137 4048 linea
1164 3984 1331 4068 quatuor-

140 4109 282 4181 decima
323 4084 420 4182 notae
467 4120 512 4183 Η·
552 4134 634 4205 ques
668 4112 781 4180 hocce
827 4110 987 4204 ποτήριον
1033 4105 1212 4198 respicere
1258 4125 1331 4174 nou

139 4245 302 4331 possunt,
337 4247 377 4306 ut
420 4238 533 4310 cuivis
571 4239 711 4308 tertiam
753 4246 893 4332 partem
933 4231 1140 4329 inspicienti
1183 4229 1336 4324 patebit

142 4363 219 4434 iilic
266 4363 361 4436 enim
411 4369 489 4438 haec
536 4366 709 4437 habemus
757 4366 922 4462 Ποτῆριον
971 4353 1164 4460 ἀργυροῦν--
1185 4359 1337 4442 σταθμδν

141 4497 264 4567 τούτου
287 4505 439 4571 ΔΔΔΔ.
467 4521 535 4570 nec
561 4497 598 4568 in
626 4519 670 4569 eo
695 4498 776 4569 loco
804 4499 885 4568 duae
911 4495 1024 4568 literae
1052 4493 1150 4591 injici
1176 4501 1336 4586 possunt.
