3250 5350
872 493 921 568 94
1270 480 1421 577 [Canas.
1438 480 1486 548 ΙΙ.

311 677 478 754 Secundo
525 677 668 776 quidem
717 683 778 752 τοῦ
814 686 933 754 Astra
979 677 1129 752 formam
1172 677 1296 765 refert,
1347 673 1485 752 nuato

310 809 419 887 hastis
452 808 589 903 scilicet
621 807 741 909 paullo
774 809 925 885 inferius
959 835 1065 910 qoam
1100 809 1178 886 fieri
1203 805 1490 914 soleatijanctis.

310 941 417 1038 Quod
428 941 438 1009 's
452 941 613 1042 quintam
648 945 787 1029 attinet,
821 942 1030 1021 Huschkius
1062 968 1143 1018 cum
1177 944 1306 1044 ceteris
1340 958 1372 1017 Δ
1405 963 1483 1016 esse

309 1076 443 1182 statnit.
489 1071 817 1162 'Montfanconiusi
845 1077 1003 1174 quidem,
1029 1089 1068 1150 ut
1092 1075 1300 1151 Huschkius
1320 1075 1493 1176 ingenue·¹

308 1206 509 1308 profitetur,
541 1205 649 1278 Dcite
675 1204 961 1304 quadrangulam
982 1229 1159 1302 nusquam
1185 1203 1335 1302 reperiri
1355 1202 1425 1284 nisi
1447 1202 1486 1274 in

310 1339 433 1415 codice
458 1339 613 1437 quodam
640 1337 772 1412 saecuto
798 1336 885 1410 Vll.
922 1338 1053 1434 scripto
1078 1338 1213 1431 dudam
1234 1336 1375 1419 satuit.
1436 1337 1487 1444 A}

307 1476 386 1572 ipse
418 1469 624 1543 Huschkius
658 1471 729 1543 duo
762 1469 926 1567 exempla
954 1494 976 1542 e
1001 1471 1092 1544 rasis
1117 1469 1253 1566 profert
1274 1469 1336 1542 ubi
1360 1471 1488 1544 eadem

306 1606 410 1680 litera
435 1604 560 1696 eodem
597 1604 703 1677 modo
734 1613 878 1676 exarata
910 1600 999 1676 θεῖ’.
1048 1602 1150 1708 Idem
1181 1615 1318 1677 sextam
1347 1601 1487 1676 literam

310 1745 439 1812 Oesse
456 1734 588 1810 statuit.
639 1735 689 1808 At
705 1735 840 1838 siquid
862 1714 1025 1832 exempla
1045 1735 1312 1834 auctoritasque
1335 1734 1492 1822 valeant,

309 1867 538 1964 sculptor-que
555 1864 686 1938 tabulae
705 1862 950 1939 Huschkianae
968 1863 1087 1938 literas
1102 1875 1269 1968 accurate
1285 1889 1306 1939 e
1322 1889 1406 1938 vase
1427 1887 1488 1938 ex-

308 1994 508 2094 scripserit,
527 1993 662 2092 quinta
678 1994 783 2067 litera
799 2004 853 2067 est
875 2001 918 2083 0,
937 2003 1039 2067 sexta
1051 2003 1171 2067 autem
1188 2010 1220 2068 Δ
1235 1994 1292 2069 vel
1309 1996 1430 2070 forsan
1448 2001 1493 2066 Ρ.

308 2127 353 2202 In
375 2121 629 2201 vetustioribus
647 2121 743 2196 enim
761 2122 884 2211 titulis,
912 2125 970 2198 hae
995 2123 1109 2198 iiteroe
1125 2093 1249 2198 eodem
1278 2125 1355 2199 fere
1384 2125 1492 2198 modo

309 2257 540 2356 effinguntur.
589 2254 681 2348 Quor
696 2256 725 2328 si
740 2279 825 2329 vera
841 2253 923 2343 sint,
941 2250 1098 2329 concidit
1115 2257 1263 2332 omnino
1279 2257 1407 2354 pulcra
1423 2260 1493 2332 ista

308 2385 489 2462 Huschkii
514 2387 559 2460 de
586 2384 772 2460 Sirenibus
804 2384 1009 2481 disputatio.
1065 2383 1261 2482 thlerus³
1294 2361 1416 2461 autem
1454 2412 1497 2460 se

307 2523 420 2598 hocce
456 2543 516 2594 vas
551 2543 647 2617 saepe
684 2528 854 2592 tractasse
892 2528 1051 2603 testatur,
1085 2529 1123 2590 et
1158 2520 1337 2594 neminem
1376 2523 1493 2597 oculis

308 2680 434 2731 sanum
461 2663 497 2725 et
525 2649 980 2751 Palaeographiae.peritum
1006 2650 1142 2756 aliquid
1166 2664 1296 2750 praeter
1321 2653 1496 2736 καλεδοκες

307 2786 345 2861 in
370 2809 415 2858 eo
439 2782 598 2879 reperire
616 2804 721 2878 posse
738 2781 933 2853 contendit.
985 2781 1149 2855 Millinns
1166 2754 1246 2882 post
1263 2782 1493 2861 Viscontiam

307 2912 492 2989 marmoris
520 2911 728 3009 scripturam
751 2908 826 2983 vult
853 2910 1048 3009 corrigere,
1075 2923 1116 2984 ut
1135 2910 1275 3011 legatur
1298 2926 1501 3015 ratcopvffi

308 3047 370 3121 sed
387 3056 427 3117 ut
444 3066 528 3119 vere
547 3040 737 3129 Kiihlerns,
756 3066 827 3113 non
847 3066 941 3115 nova
958 3014 1195 3142 excogitanda
1212 3057 1307 3136 sunt,
1328 3059 1366 3122 at
1389 3075 1497 3148 quae-

307 3178 458 3255 rendum
487 3184 542 3248 est
570 3175 749 3273 quomodo
772 3199 854 3271 quae
880 3173 917 3245 in
945 3199 1118 3247 marmore
1135 3187 1259 3250 extent
1277 3179 1500 3276 explicanda

228 3294 237 3308 ⁵
306 3310 464 3387 veniant.
521 3306 668 3380 Kiihieri
697 3304 885 3377 lectionem
919 3304 1025 3377 unice
1050 3329 1169 3380 veram
1196 3332 1276 3382 esse
1297 3314 1499 3390 confirmat

306 3434 508 3516 0sannus⁴.
1125 3520 1129 3525 ,

381 3573 474 3646 Cum
501 3572 581 3644 haec
605 3569 655 3641 ita
687 3568 769 3655 sint,
798 3589 866 3640 nec
892 3564 977 3638 satis
1003 3578 1144 3672 constet
1170 3577 1350 3667 quomodo
1374 3546 1506 3655 literae

306 3706 472 3807 legendae
499 3701 581 3791 sint,
607 3701 652 3773 de
677 3695 972 3795 interpretatione
997 3698 1210 3799 epigraphes
1240 3704 1377 3803 aliquid
1410 3737 1505 3811 pro-

306 3838 400 3913 ferre
425 3834 532 3934 plane
557 3831 743 3906 ridiculum
771 3840 874 3903 esset.

347 4067 357 4098 ¹
379 4052 521 4125 Monfauc'.
548 4064 609 4123 Pal.
645 4064 696 4121 Gr.
726 4060 802 4130 Lib„
817 4059 872 4117 111.
960 4059 1509 4146 ³KiihlerusapudBiittiger.Amalth,

306 4189 333 4245 p,
348 4173 417 4227 222,
920 4158 955 4217 Τ.
971 4160 994 4216 l.
1008 4180 1037 4234 p.
1050 4168 1121 4221 301.

345 4284 356 4315 ε
375 4261 503 4318 Viscont.
526 4259 602 4319 Mus.
617 4256 763 4318 Pio-clem.
784 4254 819 4314 T·
831 4253 868 4312 ll·
957 4257 969 4288 ⁴
988 4257 1098 4316 Osann.
1113 4262 1186 4336 apud
1199 4263 1332 4341 Bdttiger.
1356 4270 1506 4337 Amalth.

307 4378 335 4434 p.
350 4354 415 4417 106.
437 4366 459 4417 t.
477 4362 522 4418 13.
919 4355 953 4413 Τ.
969 4354 1011 4416 ΙΙ.
1025 4376 1055 4433 p.
1069 4364 1136 4424 274.
