3250 5350
157 469 285 536 lusce.
309 464 423 567 vitu]
608 417 612 426 ¹
735 465 804 549 '155

155 645 340 743 ambiguis
370 641 507 746 ¹neque
547 641 652 728 certis
697 660 941 755 appellabant,
960 648 1138 759 iperius
1158 667 1348 767 interjecto

154 773 423 852 discriminatur
452 783 490 854 in
518 783 691 884 ἀνδρῶνα
722 793 903 887 quendum
933 795 987 864 ud·
1005 795 1181 866 orientem
1215 808 1252 870 et
1282 829 1348 891 γυ·

152 912 317 977 soudun
331 910 378 980 ad
395 911 622 989 occidentem
641 917 761 992 solem.
804 921 909 994 lllum
925 921 1072 1017 proprie
1085 921 1347 1012 Erechtheum,

150 1031 252 1104 hunc
285 1031 469 1109 Minerva
488 1043 631 1138 sonum
662 1047 873 1142 appellabis.
936 1048 1049 1147 Cujus
1081 1075 1165 1146 pars
1197 1053 1348 1128 interior

150 1163 224 1256 ipsi
240 1164 328 1252 dece,
356 1193 440 1264 pers
462 1173 574 1246 ultera
604 1187 642 1249 et
670 1179 787 1250 rninor
812 1177 1009 1252 Pandroso
1039 1192 1249 1254 consecrata
1278 1193 1356 1260 est..

151 1293 227 1365 Sed
255 1292 466 1374 Pandroseo
490 1305 619 1416 'addita
647 1320 701 1380 est
725 1293 896 1402 porticui
926 1309 1181 1408 Cmyatidum,
1207 1311 1244 1384 in
1275 1339 1347 1412 qua

149 1423 242 1496 olea.
272 1463 275 1468 v
312 1426 482 1523 Cecropis
515 1437 722 1529 sepulcrum
756 1450 811 1512 est
850 1441 887 1510 in
929 1441 1063 1538 angulo
1102 1442 1209 1539 th'us
1244 1443 1345 1516 cellre

147 1579 264 1654 prope
302 1582 384 1632 eam
422 1562 612 1656 porticum.
682 1569 808 1641 Altera
848 1569 1012 1661 porticus
1053 1571 1344 1669 magnificentius

147 1687 259 1761 efficit
276 1697 314 1762 et
334 1692 420 1764 setis
438 1695 595 1789 amplum
614 1697 701 1769 aedis
720 1697 913 1771 Minerrioe
929 1698 1156 1772 vestibulum.
1214 1697 1342 1773 Tertio

30 1865 32 1904 3
146 1815 307 1913 denique
324 1820 509 1919 fastigium
536 1823 688 1896 sustinet
715 1823 927 1911 Erechthei,
951 1825 1010 1895 cui
1036 1849 1140 1898 suum
1161 1852 1184 1899 a
1201 1826 1342 1902 diverse

31 2003 32 2010 ,
147 1953 251 2038 parte
276 1948 404 2020 ostium
433 1960 523 2022 est.”

227 2073 334 2146 “Sed
361 2077 439 2175 jam
477 2081 561 2151 satis
596 2081 657 2152 din
688 2081 855 2178 legentes
884 2087 1170 2182 argumentando
1200 2098 1239 2158 et
1270 2085 1340 2158 dis-

28 2253 33 2294 ,
145 2205 307 2300 putando
333 2207 482 2294 detinui,
510 2210 571 2304 qui
606 2233 704 2282 nunc
735 2213 838 2308 quasi
871 2237 977 2285 manu
1013 2215 1185 2309 prehensi
1218 2219 1264 2289 ud
1286 2217 1340 2288 in-

145 2333 279 2405 teriora
310 2334 397 2406 aedis
426 2336 580 2407 ducendi
608 2346 714 2408 sunt:
742 2337 778 2408 in
814 2337 1059 2432 quibusdum
1091 2364 1171 2437 quoe
1199 2352 1339 2436 tempus

29 2518 32 2558 Ν,
143 2463 402 2556 pessumdedit,
440 2475 562 2538 mente
590 2465 750 2549 restituo,
792 2466 923 2560 quibus
957 2467 1130 2560 pepercit,
1165 2479 1338 2542 accurate

28 2663 32 2693 Ν,
142 2595 324 2683 describo,
348 2593 487 2669 delubri
505 2595 693 2668 sanctitate
706 2605 743 2668 et
757 2594 1026 2691 pulchritudine
1040 2597 1136 2668 haud
1153 2595 1338 2693 indignior
1355 2646 1358 2652 -

28 2776 35 2823 .:
141 2749 214 2825 ego
231 2729 418 2826 periegeta
435 2730 588 2801 existere
600 2727 717 2815 velim,
741 2752 848 2823 quem
867 2728 1104 2800 Pausanias.”

218 2862 470 2935 “Accedimus
501 2873 662 2956 aperte,
690 2884 770 2958 quae
792 2862 838 2933 ad
864 2861 1039 2934 orientem
1068 2862 1179 2935 solem
1207 2863 1334 2962 vergit.

138 2996 216 3069 Hic
230 3020 291 3067 ara
311 3006 391 3067 erat
410 2993 691 3078 Jovuuummi,
719 2994 756 3065 in
780 3018 851 3107 quo
865 3017 987 3089 neque
1009 2994 1118 3067 vitale
1136 2995 1333 3091 quidquem

28 3173 35 3219 ς
136 3126 338 3211 immolare,
378 3146 499 3220 neque
535 3124 619 3197 vino
652 3123 766 3197 libare
795 3122 871 3197 fus:
911 3148 993 3220 quae
1020 3148 1109 3197 sune
1144 3128 1332 3222 Cecropeo

28 3304 35 3343 κ,
135 3224 201 3330 itti‘
222 3256 373 3352 tempori
408 3266 445 3327 et
478 3254 716 3352 agricolarum
750 3255 859 3329 tribui
895 3257 1128 3329 conveniunt.
1195 3256 1332 3353 Neque

134 3518 210 3593 quod
229 3516 275 3573 hir
290 3517 428 3591 porticum
442 3522 552 3571 mutum
572 3512 707 3571 minorem
758 3518 965 3579 introcurreret,
987 3514 1175 3569 Pandroscunr
1198 3520 1329 3587 penetre-

28 3605 29 3611 '
133 3612 283 3669 Pandroso
315 3612 450 3670 concedit.
506 3613 548 3666 At
582 3610 708 3683 epistatae
759 3610 808 3665 vit.
851 3610 939 3681 Igitur
967 3609 1155 3664 Pandroseum
1183 3628 1247 3682 pars
1269 3618 1329 3666 erat

28 3690 42 3740 Ψ
132 3703 235 3781 templi
259 3702 413 3785 reficiendi}
424 3706 526 3763 diserte
551 3710 709 3761 memorant
758 3700 817 3759 lani
832 3700 972 3767 Minervii,
993 3719 1081 3775 neque
1095 3701 1148 3757 hoc
1162 3701 1260 3759 abillo
1281 3722 1329 3776 pa·

34 3831 38 3872 ς
131 3805 227 3859 κίονας
241 3800 286 3858 r'rri
301 3804 353 3861 ‘rori
369 3805 474 3881 τοίχου
489 3802 543 3858 τοῦ
562 3800 631 3881 rrpds
655 3798 710 3854 τοῦ
759 3798 825 3854 tiele
836 3796 1009 3863 intermedio,
1023 3805 1055 3853 ut
1067 3795 1096 3852 in
1110 3797 1209 3871 templo
1222 3796 1330 3871 duplice

131 3896 338 3975 Πανδροσεΐου.
364 3897 512 3955 Edvsrdus
528 3896 602 3953 Deo.
616 3893 707 3953 Clari.
758 3895 818 3951 fieri
843 3912 963 3963 necesse,
983 3894 1066 3973 plene
1088 3897 1247 3970 sejunctum
1268 3910 1329 3951 esse

130 3992 242 4067 (itiner.
260 3991 350 4060 ull,
373 3991 427 4049 111.
456 4011 482 4065 p.
496 3989 579 4061 499.)
605 3989 709 4047 Erech·
759 4000 876 4067 poterut.
910 3990 1038 4067 Denique
1063 3990 1187 4047 Jecobus
1205 3986 1329 4059 (Guliel-

130 4086 232 4143 theum
259 4091 350 4141 totum
376 4084 462 4158 ponit,
484 4084 566 4159 idque
590 4086 708 4159 partitur
759 4093 834 4158 mus)
850 4082 968 4140 Willins
981 4085 1105 4158 ejusdem
1119 4080 1262 4141 sententiae
1281 4098 1330 4136 ox·

28 4174 45 4224 ·'‘'
129 4180 203 4239 inter
247 4178 410 4235 Mineruam
449 4187 478 4234 et
521 4178 706 4238 Pandrosunr.
759 4181 817 4238 titit
825 4178 973 4247 auctor,ad
984 4196 1066 4253 quem
1075 4177 1170 4235 eadem
1180 4173 1328 4247 pertinent.

33 4282 44 4332 ζ’
129 4270 195 4329 Hoc
224 4280 287 4327 turn
313 4267 374 4327 aliis
402 4267 499 4325 multis
526 4272 705 4344 argumentis,
759 4271 871 4329 Vellem
899 4276 1155 4334 commonstrarem,
1189 4270 1328 4341 quomodo

27 4342 48 4417 *⁵¹
126 4378 188 4426 tum
208 4369 265 4424 hac
286 4366 393 4424 ratione
406 4366 574 4437 reprobetur.
617 4368 704 4424 Canis
756 4367 829 4424 cella
851 4367 940 4423 cuivis
960 4364 1044 4423 obvia
1067 4373 1096 4419 et
1118 4360 1227 4437 duplice
1249 4364 1326 4420 aditu
1355 4415 1360 4425 ,

126 4461 188 4533 ille,
223 4478 287 4537 quae
326 4460 546 4519 Atheniensibus
581 4462 704 4537 prodigio
756 4460 933 4533 permeabilrs
960 4456 1003 4514 τό
1027 4456 1159 4515 ἄδυτον
1183 4458 1234 4525 τῆς
1261 4460 1326 4515 θεοῦ

28 4544 54 4604 2³5¹
125 4563 202 4627 erat,
239 4554 306 4612 dum
341 4556 370 4612 in
408 4554 545 4631 templum
578 4556 703 4615 Palladis
756 4555 888 4629 appellari
911 4562 1002 4627 posset
1022 4552 1142 4628 (Herod.
1164 4555 1201 4612 V.
1224 4556 1286 4623 79.)
