3250 5350
817 510 889 585 194
1231 499 1382 583 [Ctass.
1411 494 1481 561 111.

501 667 741 771 τατραποάάας.
755 728 762 743 .
776 727 801 743 ..

503 833 564 873 του
589 806 670 897 πρὸς
694 832 754 871 του
780 798 959 892 ‘pinnatus
1431 802 1480 879 75

507 926 725 1030 τετραποδίας
737 984 745 1001 .
759 984 769 1003 .
784 982 793 1002 .
808 987 816 1003 .

505 1058 542 1131 ἐν
565 1066 610 1163 τῇ
634 1056 842 1156 ττροστάσειι
869 1062 915 1159 τῇ
935 1056 1018 1153 ,πράς

508 1193 570 1259 τοῦ
594 1186 784 1284 θυρςάματος
797 1187 820 1256 ⁸.

508 1315 569 1387 τάν
593 1316 709 1412 linuit
733 1321 796 1387 τοῦ
819 1313 997 1413 (θυ)ηχαῧ8

505 1439 627 1515 ἄθετον

508 1579 568 1656 τῆς
592 1566 802 1668 inopoptas4
826 1568 1086 1669 σφηιτ(ἰσ)αοααὁ

372 1772 421 1832 75.
455 1766 494 1825 τά
513 1765 685 1839 diiunctos.
739 1770 788 1833 79.
820 1788 877 1837 nup
903 1764 984 1840 βομα
1012 1765 1047 1825 C.
1072 1773 1101 1823 et
1126 1770 1223 1839 postea
1246 1760 1297 1821 sed
1323 1766 1487 1819 cunctanter
1593 1751 1594 1754 Ἴ

696 1884 734 1917 τα
759 1860 828 1919 θεο.
881 1869 930 1921 81.
961 1883 1008 1919 τες
1029 1883 1077 1917 επ.

288 2040 382 2099 nescio
406 2056 442 2097 au
461 2046 535 2094 recte
560 2034 745 2093 Schneidems
766 2035 800 2092 de
822 2033 864 2091 di·
912 2035 1064 2114 illaquam
1084 2037 1135 2095 toti
1158 2036 1339 2095 tabernacula
1360 2058 1380 2095 a
1399 2038 1486 2095 tn‘bus

290 2134 422 2195 versitate
449 2150 551 2191 vocum
574 2130 730 2211 παραστάς
754 2140 783 2187 et
807 2154 863 2186 τα·
912 2131 1045 2189 lateribus
1068 2130 1243 2189 extrinsecus
1262 2133 1484 2191 circumductum

290 2230 443 2315 ραστάδες.
485 2228 539 2286 Sed
559 2227 600 2285 ita
620 2227 654 2284 de
672 2226 728 2283 hae
749 2225 866 2283 diuersi·
915 2228 1010 2305 paullo
1027 2228 1215 2287 antedixerat
1228 2229 1347 2287 auetor.'’
1390 2231 1484 2305 Supra
1593 2281 1594 2284 ,

292 2335 351 2383 tute
387 2320 658 2396 Schweighaeuserus
692 2322 728 2378 ad
758 2320 865 2379 Athen.
915 2324 973 2383 dixi
992 2325 1175 2383 Pamstadem
1195 2326 1269 2401 apud
1290 2324 1404 2381 Latinos
1424 2326 1487 2399 sig-

294 2422 333 2479 V.
359 2438 388 2495 p.
417 2416 484 2489 196.
525 2418 656 2475 “Potest
681 2416 792 2493 quidem
816 2432 867 2471 vo·
915 2420 1208 2495 nificarelapidesvel
1226 2430 1318 2497 postes
1333 2430 1487 2498 unumque

294 2514 427 2577 sabulum
450 2515 606 2595 παραστάς
633 2513 662 2570 in
689 2514 760 2589 sing.
786 2530 867 2571 num.
914 2514 978 2574 ostii
990 2516 1063 2575 latus
1077 2516 1243 2587 munientes,
1264 2519 1336 2594 quud
1356 2519 1438 2595 (uum
1451 2520 1486 2576 da

290 2631 482 2691 nunnunquam
503 2611 571 2686 (ubi,
592 2620 623 2668 ut
643 2610 789 2668 Vitruvius
810 2609 866 2669 Vl.
916 2613 971 2671 hue
992 2632 1022 2671 ra
1035 2632 1110 2689 saepe
1122 2614 1271 2673 dicendum
1292 2617 1344 2695 sit)
1359 2636 1487 2676 mevam

298 2720 346 2772 10.
365 2711 456 2779 docet,
475 2707 550 2763 idem
571 2704 701 2762 valetne
723 2706 868 2783 προστάς,
917 2718 1128 2787 antepagmenta
1150 2711 1308 2786 siguificare
1327 2714 1487 2786 (Wilkinsio

296 2807 369 2883 quod
389 2805 487 2862 deinde
510 2821 538 2877 p.
557 2804 626 2860 205.
648 2803 674 2856 A
695 2809 725 2857 et
747 2796 817 2860 206.
839 2802 868 2857 A
918 2826 958 2866 ac.
994 2809 1205 2888 obsequentum)
1239 2811 1373 2870 Lectores
1406 2809 1486 2868 velim
1593 2784 1594 2793 ἵ

297 2899 429 2973 occurrit)
454 2904 529 2954 reete
553 2893 714 2952 vestibulum
739 2892 868 2966 intelligi.
918 2901 1085 2979 intelligant,
1130 2904 1238 2982 plagas
1263 2916 1361 2964 autem
1389 2908 1423 2965 li„
1448 2917 1488 2964 ast

301 2994 356 3053 Sed
392 2987 578 3075 παραστάδες
615 2989 643 3046 in
676 2988 748 3063 plur.
786 2989 871 3064 paulu
919 3014 957 3052 aa
978 2994 1040 3052 haec
1063 2997 1141 3055 vocis
1160 3005 1404 3076 antepagmentum
1425 3017 1489 3058 vete

298 3089 381 3150 *aliur
418 3086 631 3164 interpretandae
670 3095 744 3144 sunt.
799 3086 872 3144 Sunt
921 3091 1147 3166 sitsignifieatiu.
1190 3094 1288 3154 Festus
1301 3098 1488 3156 contrudoeet
1593 3106 1594 3119 ¹

300 3204 402 3262 nempe
429 3183 473 3242 vel
501 3185 559 3242 τάν
580 3186 669 3265 θυρῶν
689 3182 872 3264 παραστάδες
921 3195 1134 3264 antepagmenta
1161 3190 1308 3248 salvaram
1333 3197 1490 3251 emanente

296 3285 349 3364 uui
373 3282 443 3342 alias
462 3281 586 3354 σταθμοὶ
604 3284 760 3358 januarum
778 3292 874 3358 postea
923 3301 980 3339 esse
1006 3300 1066 3356 quoe
1092 3285 1170 3342 antis
1194 3294 1399 3361 oppanguntur
1423 3286 1445 3345 ς’.
1468 3303 1490 3341 e.

302 3380 350 3439 vel
375 3387 447 3436 antee
473 3387 504 3436 ut
530 3379 611 3435 docet
637 3375 737 3434 Pollux
766 3379 790 3438 l.
823 3374 873 3443 76.
923 3373 1083 3451 affigentur.
1125 3375 1385 3435 Philauderuutem
1397 3379 1489 3436 eodem

240 3455 247 3467 ⁰
304 3474 354 3533 vel
365 3473 456 3548 magis
470 3471 633 3548 generatim,
647 3473 874 3546 utinterpretutur
925 3489 1007 3528 sensu
1030 3490 1084 3547 quo
1103 3489 1155 3547 ego
1179 3473 1235 3529 hae
1258 3492 1329 3532 voce
1349 3475 1442 3544 utimr,
1461 3482 1491 3529 et

303 3569 478 3647 Hesychius,
491 3571 519 3626 ol
528 3568 599 3649 πρὸς
609 3574 671 3626 ταῖς
686 3571 798 3649 τοίχοις
809 3593 877 3627 τετ-
926 3575 1061 3642 praetereu
1082 3577 1178 3625 monet
1199 3569 1317 3626 eandem
1339 3588 1400 3627 rem
1417 3567 1493 3626 ναοὶ·

305 3663 437 3750 ραμμὲνοι
452 3666 517 3739 (nisi
535 3667 563 3724 in
578 3666 630 3724 hoc
645 3669 730 3724 verbo
743 3668 876 3724 mendum
926 3664 978 3720 bus
997 3669 1072 3722 aute
1085 3670 1113 3718 et
1132 3660 1316 3742 παραστάδες
1334 3664 1493 3742 significari.

306 3766 388 3840 inest)
410 3765 505 3833 κίονες,
524 3761 545 3823 i.
567 3781 593 3821 e.
619 3762 738 3820 sirecte
761 3763 878 3837 accipio,
928 3760 1036 3818 Contra
1059 3757 1214 3819 Salmasius
1233 3761 1349 3820 exercit.
1373 3784 1404 3839 p.
1431 3760 1493 3823 ⁸⁵6.

308 3858 435 3918 catanance
449 3855 495 3912 vel
508 3854 654 3912 eoltamelloe
666 3873 726 3930 quae
735 3856 880 3912 secundun
927 3866 1008 3916 antus
1018 3856 1102 3914 tuisse
1111 3856 1236 3934 lapideas
1246 3859 1353 3930 statuit,
1364 3871 1495 3937 antepag-

307 3969 412 4010 mumm
457 3947 666 4022 (extrinsecus)
719 3947 880 4007 decurrant.
928 3953 1497 4032 mentuautemelignuiactnoperaisseat
1593 3984 1594 4031 4

309 4049 408 4126 ltaque
429 4052 545 4122 possunt
565 4042 677 4120 quidem
697 4061 757 4102 essa
774 4043 803 4100 in
818 4061 880 4100 ves·
928 4047 1072 4105 amavisse
1080 4058 1172 4108 antus.
1201 4049 1342 4108 Penultus
1356 4051 1496 4110 Gallusin

309 4144 406 4217 tibulo‚
422 4141 470 4201 sed
494 4149 523 4197 et
544 4140 620 4198 eirca
641 4147 730 4198 totam
754 4139 881 4198 domum.
930 4143 1062 4202 Vitruvio
1074 4143 1499 4223 vautctaatrantaquover·

310 4238 358 4296 Cf.
386 4235 551 4300 Hemsterh.
581 4236 616 4294 ad
654 4234 725 4294 Poll.
755 4235 794 4306 X.
831 4239 882 4298 25.
930 4239 1500 4321 inintelliguntGalliquiuquidautlste

312 4343 371 4392 not.
389 4341 439 4399 41.
462 4344 490 4395 et
512 4333 615 4394 Valck.
632 4335 668 4390 sd
691 4334 788 4392 Phoen.
810 4340 881 4396 418.
931 4357 973 4408 ra,
993 4347 1205 4410 autsummum,
1225 4336 1379 4399 antimum
1393 4353 1499 4418 partem

313 4430 353 4490 Et
369 4427 496 4489 videntur
509 4433 537 4491 in
559 4431 617 4496 hou
633 4428 880 4511 1000(Calliaeni)
925 4435 1033 4511 jauuae,
1052 4433 1190 4508 tenestem,
1208 4435 1262 4495 foci
1274 4445 1364 4497 amet.
1388 4436 1501 4496 Sebuei·

312 4521 429 4598 intelligi
452 4533 547 4598 poetes
577 4527 635 4586 sive
659 4529 806 4586 colmnelloe
834 4527 883 4586 vel
932 4530 1014 4588 denus
1032 4530 1067 4587 ad
1085 4531 1199 4592 Vitruv.
1212 4532 1269 4593 lv,
1287 4529 1317 4591 6.
1335 4540 1363 4592 1.
1383 4537 1412 4608 (e
1425 4537 1499 4611 enjus

313 4630 388 4684 anta
423 4619 522 4702 quibus
564 4625 751 4686 sustinebatur
783 4626 883 4704 syriux
932 4624 1119 4685 uotahaecde
1136 4628 1360 4705 antepagmentis
1373 4629 1502 4703 suumn
