3250 5350
170 466 301 534 Iacca.
329 464 373 544 1.]
768 466 787 532 fi

168 639 298 714 Statua
327 661 419 736 ergo
444 647 508 711 ant
532 638 579 710 ab
603 637 683 731 ipso
710 647 773 708 ant
796 661 819 707 a
845 634 1111 733 magistratibus
1138 635 1257 732 Sigeia
1283 649 1363 730 pont

167 771 250 869 q‘us
295 782 446 845 mortem
494 770 650 843 excitata
698 783 765 841 est.
829 769 888 842 Ab
933 771 987 842 his
1028 772 1169 844 diversa
1216 771 1365 844 omnino

168 900 343 974 Bentieio
358 903 541 996 placuere,
567 902 629 996 qui
657 901 692 972 in
727 900 887 995 epistolis
917 921 938 971 a
969 901 1101 975 Caroio
1136 903 1283 1000 Burney
1316 901 1366 994 τῷ

166 1045 340 1134 μακαρίτῃ
377 1034 489 1116 editis,
532 1032 694 1104 miranda
737 1033 903 1126 quaedam
944 1033 1111 1130 dogmata
1155 1031 1199 1104 de
1241 1041 1363 1104 nostro

165 1159 289 1255 lapide
307 1159 559 1254 promulgavit.
613 1157 687 1230 Sed
704 1157 931 1244 festinanter,
959 1169 997 1230 et
1017 1160 1130 1255 (quod
1153 1159 1229 1253 ipse
1248 1159 1363 1231 faasm

163 1289 240 1379 est)
260 1287 454 1360 Chishnilii
466 1287 556 1360 libro
574 1287 632 1360 vix
656 1287 827 1381 perlecto,
854 1287 976 1359 omnia
993 1287 1092 1359 dixit.
1146 1287 1359 1360 “Primum¹

166 1413 320 1508 negavit
343 1413 451 1510 hujus
484 1413 712 1508 Epigraphes
745 1413 943 1486 orationem
978 1415 1023 1484 ad
1055 1415 1255 1488 Phanodici
1288 1429 1362 1489 sta-

164 1550 267 1612 tuam
298 1543 477 1636 respicere
508 1565 632 1637 possm
673 1541 761 1614 nihii
796 1544 941 1639 proprie
974 1544 1249 1620 necessitudinis
1282 1575 1360 1623 esse

85 1685 91 1693 ·
162 1669 294 1740 statuis
324 1693 407 1741 eum
443 1669 625 1766 Prytanaei
662 1669 747 1756 tine,
787 1670 925 1766 unique
965 1681 1091 1746 statam
1123 1677 1359 1752 conficiendae

162 1797 290 1893 plures
344 1822 419 1872 uno
465 1800 638 1872 statuario
688 1799 853 1872 adhiberi
902 1801 1003 1874 valde
1051 1803 1207 1876 insolens
1247 1805 1359 1880 videri

163 1927 307 2015 dicens,
332 1938 619 2023 praetermorem
647 1929 706 2001 nic
733 1928 839 2002 simui
864 1929 1039 2024 AEeopum
1062 1941 1100 2004 et
1128 1935 1207 2030 ejus
1231 1937 1360 2010 iratres

162 2053 350 2126 nominari
372 2054 583 2152 significans
590 2083 602 2140 ς
630 2057 740 2129 immo
769 2079 856 2128 vero
884 2057 951 2129 tria
985 2081 1007 2128 a
1038 2055 1249 2134 Phanodioo
1278 2087 1360 2136 vasa

163 2184 207 2255 in
238 2205 342 2256 nsum
365 2182 549 2282 Prytanaei
577 2209 628 2257 sc.
655 2193 819 2284 κρατῆρα,
846 2188 1046 2268 interanea,
1074 2198 1111 2260 et
1139 2189 1238 2275 ἠθμόν
1263 2195 1360 2266 dono

163 2335 250 2384 esse
284 2313 369 2384 dato
413 2315 581 2412 conjecit,
623 2337 777 2411 quorum
828 2315 1050 2412 singulorum
1087 2319 1247 2414 singulos
1281 2346 1360 2398 esse

161 2442 328 2540 potuisse
353 2443 509 2517 artifices
538 2443 710 2521 credibile
739 2455 812 2528 est3
845 2443 986 2516 titulum
1010 2470 1094 2518 vero
1130 2447 1228 2519 illum
1257 2453 1360 2528 initio

162 2572 233 2643 nni
263 2572 411 2645 alterive
442 2574 570 2646 horum
600 2573 828 2668 inscriptum,
854 2585 1069 2670 argumento
1101 2606 1209 2669 καγω,
1236 2587 1361 2674 postea

161 2708 291 2770 autem
328 2699 375 2770 ad
413 2701 515 2771 hunc
556 2699 711 2795 lapidem
750 2699 958 2771 translatum
999 2700 1122 2789 fuisse,
1159 2704 1361 2800 suspicatur

163 2832 244 2903 sive
286 2841 327 2902 ut
366 2830 512 2902 donatio
550 2830 608 2902 illa
639 2842 741 2902 extra
782 2826 1012 2927 Prytanaeum
1045 2832 1211 2905 omnibus
1258 2835 1361 2907 inno·

164 2968 324 3031 tesceret
356 2959 432 3030 sive
466 2982 514 3031 ne
553 2958 735 3031 donatoris
770 2956 970 3031 Phanodici
1015 2958 1262 3033 munificentia
1297 2962 1361 3035 aii·

163 3092 317 3189 quando
335 3088 390 3161 vei
407 3111 597 3161 munerum
611 3085 998 3183 ipsorumcorruptett,
1011 3088 1066 3159 vel
1079 3088 1366 3185 redintegrandi

163 3218 329 3291 novitate
361 3216 651 3313 antiquaretur.”
715 3214 801 3287 Nec
835 3213 952 3287 statut
991 3214 1141 3312 dignum
1182 3215 1359 3288 tantillum

163 3376 300 3424 munus
332 3350 400 3422 tria
432 3373 483 3421 sc.
514 3348 646 3444 pocula
678 3370 810 3443 cuprea
846 3348 1032 3421 Bentleius
1064 3358 1183 3443 putat;
1220 3332 1301 3436 n'ec,
1330 3340 1361 3422 si

162 3482 274 3554 aliter
299 3478 402 3575 Sigei
421 3478 660 3576 judicassent,
686 3477 904 3571 sculptorem
935 3474 972 3547 in
999 3498 1107 3569 parvo
1136 3474 1360 3575 ignobilique
1457 3513 1461 3521 ·

163 3610 301 3706 oppido
328 3608 372 3682 ed
395 3618 503 3681 etate
528 3608 681 3681 inveniri
706 3631 814 3701 posse
840 3606 965 3679 credit.

244 3738 454 3811 Bentleium
506 3738 544 3809 in
592 3736 786 3832 Prytaneo
830 3736 911 3808 loco
958 3734 1048 3807 cibis
1086 3744 1196 3828 atque
1246 3739 1361 3832 epuiis

162 3868 354 3943 destinato
383 3876 518 3938 statuae
554 3864 721 3937 collocari
754 3887 858 3961 posse
893 3874 1088 3961 negantem
1118 3864 1244 3938 falsum
1282 3891 1361 3941 ease

162 4046 214 4104 Ci.
256 4041 408 4114 Hermipp.
440 4041 514 4113 apud
556 4040 660 4095 Athen.
686 4038 741 4095 XI.
793 4038 831 4093 Et
843 4038 870 4093 in
882 4035 975 4094 tabula
992 4036 1151 4094 Veletriana

162 4162 193 4216 p.
210 4134 282 4195 486.
297 4139 334 4193 Α.
391 4136 435 4191 ita
462 4135 490 4189 in
515 4132 643 4207 inscript.
668 4134 742 4207 apud
951 4130 1056 4189 Σαοτὶς
1070 4130 1166 4200 itinn,
1181 4130 1234 4189 dte.

163 4232 330 4292 Montiauc.
345 4229 427 4286 Dior.
440 4228 505 4285 Ital.
519 4250 547 4302 p.
561 4235 630 4287 422.
793 4223 838 4279 Ci.
851 4222 922 4279 inira
937 4222 1026 4281 Clasa.
1043 4223 1080 4279 lt.
1102 4225 1189 4283 inser.
1202 4222 1240 4282 11.

361 4324 433 4380 9⁶6³
447 4346 541 4401 τνχαν

168 4562 197 4579 ..
216 4517 315 4576 ..αἴκα
331 4518 385 4588 (τι)
405 4510 510 4590 πάσχῃ
528 4514 581 4567 τάν
601 4512 664 4582 γᾶν,
687 4510 740 4565 dre.
794 4508 858 4565 Soc.
881 4508 958 4581 Traj.
980 4506 1110 4565 Tom.li.
1133 4526 1161 4580 p.
1176 4513 1205 4567 3.
