3250 5350
848 449 916 526 162
1246 456 1397 540 [Crass.
1417 454 1482 520 ΙΙΙ.

288 637 412 720 terrae,
444 632 667 708 internorum
717 635 866 707 numine
913 634 1057 708 nutritis
1108 643 1147 706 et
1188 631 1342 717 iactatis,
1384 655 1480 704 eom-

285 764 509 859 paravimusz
535 765 585 837 ita
615 765 693 863 jam
722 765 938 864 intelligitur
969 789 1076 838 omne
1109 762 1230 851 vitale,
1257 764 1369 859 quod,
1398 786 1482 834 cum

286 907 394 968 antea
419 897 573 984 latuerit,
600 923 698 971 nunc
728 899 977 994 imperfectum
999 898 1119 970 adhuc
1149 908 1187 970 et
1213 895 1372 970 informe
1400 920 1483 992 pro

285 1006 481 1123 germinat,
508 1051 552 1098 ea
574 1026 690 1098 forma
714 1027 893 1100 exhiberi.
947 1027 1128 1120 Quocirca
1150 1025 1346 1098 infantium
1374 1025 1483 1098 modo

287 1169 451 1232 natorum
480 1159 583 1234 cunis
613 1170 650 1233 et
680 1160 799 1234 fasciis
832 1171 1036 1258 serpentem
1063 1181 1225 1244 aureum,
1251 1155 1481 1229 Erichthonii

286 1287 491 1387 imaginem,
517 1289 650 1361 addere
668 1297 771 1361 vetus
788 1287 995 1368 Atticorum
1017 1285 1223 1382 superstitio
1247 1282 1479 1379 praecepit¹.''

364 1435 481 1509 “Sed
507 1435 628 1508 mirari
650 1435 756 1521 subit,
783 1446 875 1530 quot
897 1446 934 1509 et
956 1459 1064 1531 quam
1083 1433 1199 1507 sarias
1222 1456 1281 1505 res
1303 1433 1478 1534 exiguum

286 1570 387 1644 cellar
414 1568 570 1666 spatium
595 1568 922 1664 comprehenderit.
975 1567 1115 1640 Ibidem
1138 1567 1234 1638 euim
1259 1590 1369 1639 arma
1393 1590 1477 1640 con·

285 1711 388 1798 gesta
410 1702 547 1783 emnt',
576 1698 671 1770 inter
693 1720 776 1791 quoe
795 1695 954 1769 Masistii
983 1695 1176 1768 Persarum
1196 1694 1361 1792 equitatu
1387 1717 1476 1790 pre

287 1831 372 1905 fecti
406 1833 530 1917 lorica,
570 1840 608 1902 et
636 1829 813 1918 acinaces,
848 1853 957 1926 quem
991 1827 1197 1908 Mandonii
1212 1851 1292 1900 esse
1326 1827 1479 1900 mentie-

287 1965 419 2036 bantur
459 1938 712 2049 Athenienses,
758 1973 1012 2036 memorantur
1081 1958 1229 2058 Neque,
1272 1987 1355 2035 cum
1390 1961 1477 2034 nihil

288 2095 394 2191 plane
431 2093 574 2167 silentio
608 2095 882 2191 pretermittere
916 2095 1030 2168 risum
1062 2096 1118 2182 sit,
1145 2096 1190 2167 de
1220 2096 1308 2168 sella
1335 2056 1480 2192 piicatiii

286 2241 324 2304 et
342 2229 626 2304 circumforaneo
643 2227 675 2327 (δ
675 2239 763 2330 sopp
780 2232 863 2304 όκλα
864 2226 944 2322 itm)
972 2229 1145 2302 Daedoleo
1167 2229 1330 2301 nimirum
1348 2252 1476 2325 opere,

285 2365 479 2437 tacendum
522 2373 603 2437 est:
649 2389 732 2461 quse
776 2364 938 2437 omnium
983 2365 1085 2462 quasi
1126 2365 1358 2460 archetypum
1397 2377 1482 2438 erat

285 2497 466 2586 sellarum,
494 2521 583 2594 quas
601 2497 637 2570 iu
667 2521 798 2600 pompa
816 2497 1088 2572 Panathenaica
1110 2495 1370 2593 inquilinorum
1394 2497 1483 2572 hue

287 2646 367 2731 post
381 2636 541 2735 virgines
555 2635 696 2709 Atticas
713 2647 857 2731 portare
874 2634 1136 2733 cogebantur.’'
1201 2665 1209 2681 ·

361 2792 386 2823 “
404 2783 444 2855 N
449 2807 518 2855 unc
551 2784 696 2855 tandem
730 2785 825 2879 pede
859 2782 972 2856 relato
1005 2783 1044 2854 in
1075 2772 1334 2857 Pandroseum'
1360 2807 1479 2857 rerer·

286 2914 407 2997 timur,
443 2912 539 3007 quod
568 2894 770 3009 angustum
795 2911 956 3007 quidem,
982 2914 1046 2986 sed
1080 2922 1116 2984 et
1144 2912 1214 2985 hoc
1248 2916 1478 2987 sanctissimis

287 3038 510 3114 ceremoniis
550 3049 820 3113 consecratum:
883 3038 959 3111 Hic
999 3039 1095 3114 enim
1141 3038 1348 3115 Pandrosos
1378 3044 1478 3117 habi·

286 3173 396 3256 tabat,
422 3172 478 3243 hic
509 3172 690 3257 Pandora,
718 3170 777 3243 hic
808 3170 978 3257 Tutum,
1014 3173 1089 3267 ipse
1123 3172 1281 3269 denique
1300 3148 1477 3271 'Cecrops
1594 3147 1595 3160 ἵ

288 3303 448 3423 sepultus
471 3303 689 3376 ferebatur⁴.
743 3301 815 3373 Sed
838 3302 969 3373 ibidem
989 3304 1154 3375 sacerdos
1177 3327 1259 3377 cum
1277 3305 1478 3400 ersephoris

329 3604 338 3635 ¹
361 3606 458 3681 Eurip.
488 3605 547 3664 lon.
576 3608 624 3665 25.
656 3609 744 3667 1444.
794 3604 859 3673 Quo
907 3605 1011 3661 armati
1031 3604 1169 3661 utinervae
1188 3603 1296 3661 Poliadi
1315 3604 1477 3663 sacmtacs·

287 3700 400 3777 quidem
427 3702 512 3759 etiam
541 3702 674 3759 annulum
701 3700 781 3759 illum
809 3719 860 3759 au·
909 3712 982 3761 runt.
1009 3702 1047 3759 11.
1072 3708 1101 3758 4.
1124 3707 1174 3768 29.
1217 3702 1285 3769 Quo
1309 3704 1475 3777 approbatur

287 3798 411 3873 guinuru
439 3817 554 3856 aureum
591 3799 743 3870 traherem,
774 3816 858 3872 quem
907 3795 1100 3870 interpretatio
1120 3795 1316 3872 ausglyphip.
1331 3802 1383 3855 28.
1407 3792 1476 3858 n..6

287 3914 378 3983 nuper
399 3914 484 3973 propo
508 3896 599 3969 Cepos
621 3893 797 3952 Milesiorum
822 3893 857 3949 ed
908 3893 1066 3951 memorati.
1115 3892 1159 3949 lbi
1182 3893 1256 3949 euim
1283 3891 1328 3949 vir
1351 3904 1477 3953 armatas
1594 3945 1595 3958 ἢ

287 3972 445 4069 Bosporum
488 3990 692 4050 Cimmericum
732 3986 859 4062 sepulcro
908 3990 1036 4047 adstante
1057 3987 1176 4046 victoria
1195 3987 1291 4045 deaes'
1277 3993 1348 4047 εινὶπ
1348 3992 1479 4049 suedie.

286 4092 358 4149 eruit
372 4091 504 4149 Clarhrus
516 4086 698 4163 (TravelsP
711 4086 733 4143 1.
749 4105 776 4162 p.
788 4090 857 4153 397.
947 4084 1064 4143 ³.Paus
1079 4084 1132 4141 lx.
1147 4088 1196 4154 85,
1214 4084 1354 4193 Lrpe‘r
1355 4086 1465 4167 έρᾳτυ

286 4201 352 4240 cum
378 4186 491 4263 delin.):
527 4184 551 4242 si
578 4201 662 4259 opere
694 4181 859 4240 Graecanico
906 4179 1049 4260 Ωρόν’
1021 4204 1147 4251 seuerum
1168 4181 1239 4252 ὁμοῦ
1261 4179 1301 4260 τῇ
1325 4110 1482 4262 ssuvdpdcqi

285 4278 376 4335 sactus
419 4283 567 4345 videretur.
630 4279 684 4339 Sed
725 4276 859 4336 industrie
908 4276 990 4347 τιμάς
1010 4279 1037 4333 οἱ
1058 4272 1199 4343 Ἀθηναῖοι
1220 4274 1329 4333 Θαλλὸ
1345 4278 1400 4345 τήν
1419 4274 1482 4334 θεὼ

287 4374 428 4452 pensanda
461 4390 534 4451 suut,
569 4394 630 4454 quae
666 4374 758 4435 Ritter
784 4373 805 4432 l.
831 4374 856 4433 I.
907 4371 1144 4451 ἐπονομάζοντες.

288 4490 317 4549 p.
325 4460 402 4537 7229.
827 4460 832 4470 ’
947 4466 959 4497 ⁴
979 4466 1335 4529 commaneremus
1351 4470 1481 4545 p.29.b.
1594 4487 1595 4490 ¹

327 4559 338 4592 ¹
358 4562 489 4656 Xenoph.
507 4563 741 4627 Heluinam.
763 4564 858 4625 Etiam
908 4564 1007 4625 etalii.
