3250 5350
874 470 944 546 116
1256 477 1407 572 [Crass.
1427 486 1491 552 111.

315 663 426 737 lineus
462 663 637 763 supplevit
671 663 909 740 'l'lrierselrius
969 663 1013 739 ln
1044 664 1142 742 lines
1180 689 1289 759 uuus,
1320 670 1494 766 preclara

316 803 353 868 ct
376 803 475 868 certe
498 805 552 868 est
576 794 785 894 conjecture
810 795 854 869 P.
874 794 918 870 P.
939 794 1100 884 Dobrael,

677 955 849 1024 ΔΕΜΟΣ
881 953 1131 1038 ΕΡΕΧΘΕΟΣ,
1231 950 1235 954 “

315 1111 516 1210 pecinegis
541 1109 687 1182 dubium
715 1119 770 1183 est
796 1109 907 1208 ipsius
937 1107 1143 1182 Thierschii
1170 1108 1210 1182 iu
1233 1110 1330 1186 linea
1354 1113 1493 1187 decimu

313 1239 613 1338 supplementum,
647 1263 732 1313 cum
761 1239 819 1338 (ut
845 1239 903 1313 ille
930 1238 1045 1332 recte)
1078 1240 1142 1308 ΠΡ
1166 1240 1284 1313 udlruc
1313 1241 1493 1339 inlepide

313 1385 398 1464 sutis
417 1386 554 1486 liquido
571 1387 688 1486 quiris
704 1386 828 1487 legere
845 1388 967 1483 possit.
1019 1385 1062 1458 lu
1077 1386 1174 1460 linea
1189 1386 1381 1461 undecimo
1395 1388 1491 1464 idem

315 1521 365 1596 vir
383 1518 450 1593 cel.
469 1518 559 1618 legit
578 1528 715 1593 tantum
734 1519 906 1617 inlepide

326 1759 329 1767 ,
485 1672 1322 1747 ruruszsesuutoutxrxsxs..„cro

312 1842 350 1906 et
374 1839 499 1928 postea
523 1826 677 1926 conjecit
702 1827 997 1910 ΑΝΤΙΡΡΟΡΑ,
1022 1849 1106 1924 qure
1129 1849 1198 1900 vox
1219 1826 1305 1900 milri
1329 1825 1370 1900 iu
1399 1850 1492 1900 mur-

312 1977 412 2038 mure
430 1967 551 2032 extare
569 1957 718 2032 videtur.
768 1957 942 2068 Aulrecte
956 1966 1081 2050 postea
1105 1956 1300 2025 ΘΕΝΤΕΣ
1327 1956 1491 2030 illux-

311 2083 456 2166 tour
496 2086 711 2184 suppleverit
758 2084 880 2158 dicere
929 2107 1097 2184 nequem
1147 2083 1284 2158 uulluru
1327 2084 1492 2182 profecto

280 2236 283 2248 ·
311 2218 488 2317 ejusmodi
517 2218 707 2292 locutionis
740 2216 942 2315 exemplum
974 2215 1120 2313 profert,
1158 2216 1220 2290 sed
1236 2295 1240 2303 ,
1254 2217 1354 2314 quod
1374 2216 1425 2292 illi
1453 2227 1494 2292 et

312 2348 508 2438 Schoefero,
533 2349 618 2424 viris
645 2357 742 2424 certe
764 2347 947 2446 proeclurre
973 2346 1156 2434 doctrine,
1179 2346 1369 2446 placuerit,
1393 2349 1492 2422 haud

312 2505 431 2568 meum
456 2493 511 2554 cst
531 2480 746 2578 improbare,
777 2477 846 2552 uisi
878 2476 1003 2552 melius
1024 2477 1170 2576 aliquod
1193 2477 1365 2551 haberem
1393 2478 1491 2576 quod

310 2611 519 2710 proferrem.
570 2611 703 2689 Postea
720 2609 924 2685 Viscoutius
948 2619 1045 2684 recte
1067 2609 1300 2705 proculdubio
1325 2611 1489 2687 ΠΑΤΡΙ-

314 2746 625 2820 pertemere.

387 2900 498 2995 lderu¹
513 2903 566 2978 vir
597 2904 664 2977 cel.
689 2902 804 2979 lineus
829 2903 991 3003 quintum
1021 2914 1059 2977 et
1089 2914 1224 2979 sertum
1249 2904 1300 2977 ita
1323 2902 1491 2993 restituit,

459 3063 572 3164 Ἀιθῆρ
597 3064 657 3149 μὲν
682 3064 798 3164 ψυχὰς
821 3060 1017 3159 ὑπεδέξατο,
1042 3064 1184 3179 φύματα
1204 3058 1229 3135 «l
1253 3064 1351 3139 ὕπνον

350 3216 353 3224 “
459 3190 558 3269 To'rds
583 3192 777 3276 Ποτειδαίας
799 3197 885 3297 ἀμφὶ
908 3196 1016 3275 πῦλας
1036 3192 1174 3296 ἔλαχον.

313 3387 446 3462 Saltem
465 3388 639 3463 debueret
651 3386 784 3489 ἔλαχεν,
803 3388 902 3487 quud
919 3353 1027 3461 luitur
1042 3386 1296 3462 Tlrierschium
1313 3385 1492 3463 Viscoutii

310 3518 430 3593 uineta
464 3519 659 3590 caedentem
695 3518 923 3614 praeteriisse.
984 3516 1056 3609 Qui
1096 3515 1199 3616 plura
1229 3517 1305 3591 vult
1339 3516 1385 3591 de
1417 3520 1493 3592 hoc

312 3670 495 3732 marmore,
526 3648 761 3745 appendicem
792 3650 965 3738 conferat,
999 3647 1060 3722 ubi
1093 3646 1299 3722 Thicrschii
1325 3646 1492 3722 dulcissi-

312 3804 405 3853 mum
437 3777 724 3857 dissertationem.
747 3804 793 3855 er
818 3780 906 3855 actis
941 3779 1172 3882 Philologicis
1206 3778 1494 3855 Monoecusibus

314 3934 495 4008 exscripsi.
