3250 5350
846 491 915 553 118
1253 485 1398 574 [Cassa.
1420 489 1489 555 111.

294 680 410 753 posse,
448 679 529 730 cum
562 657 646 752 piam
688 655 761 727 tria
803 655 919 728 radlia
961 654 1183 728 talentorum
1229 656 1270 729 in
1314 656 1489 730 thesauro

292 791 551 876 congeruntur.
602 781 709 871 Quod
733 789 833 854 carte
850 791 931 876 post
950 780 1158 854 unarchiam
1180 780 1262 853 fieri
1278 781 1488 876 nequivisse

292 930 419 981 omnes
448 908 578 982 sciunt.
629 907 714 980 Jam
741 931 972 1004 quaecuuque
997 907 1154 1002 pecunia
1177 932 1200 980 a
1230 907 1369 981 Pericle
1396 931 1487 979 con·
1577 967 1581 978 .

290 1046 394 1130 gesta
410 1035 541 1120 fuerat,
568 1057 647 1108 eam
665 1057 808 1138 omnem
830 1033 886 1106 vel
909 1057 1042 1131 magna
1061 1058 1106 1105 ex
1125 1043 1227 1128 parte
1244 1032 1488 1126 proculdubio

192 1213 200 1242 .
289 1166 329 1237 in
355 1162 655 1260 Peloponnesiaci
673 1160 758 1234 belli
785 1160 901 1256 prima
925 1173 1038 1257 parte,
1063 1173 1148 1234 ante
1169 1186 1295 1257 pacem
1320 1186 1370 1234 sc.
1397 1186 1487 1258 quoe

290 1289 414 1364 Niciae
444 1297 604 1375 vocatur,
644 1311 666 1360 e
692 1287 870 1360 thesauris
897 1288 1061 1385 haustam
1091 1311 1172 1361 esse
1204 1311 1311 1360 nemo
1341 1286 1487 1359 inficias

290 1426 407 1501 iverit.
475 1423 549 1497 Sed
584 1433 664 1518 post
698 1445 777 1495 eam
812 1445 936 1518 pacem
972 1422 1116 1510 factam,
1152 1447 1233 1494 cum
1267 1421 1405 1494 tributa
1435 1445 1488 1494 ex

289 1552 417 1626 insulis
451 1552 569 1622 adhuc
600 1549 711 1621 'allata
749 1558 882 1632 essent,
925 1547 1037 1620 multa
1078 1549 1234 1642 pecunia
1270 1550 1485 1622 thesaurum

291 1683 449 1756 Atticum
477 1680 628 1752 ditatum
655 1702 735 1750 esse
763 1678 847 1749 satis
874 1685 984 1771 patet,
1012 1678 1120 1750 etad
1145 1678 1336 1750 hancrem
1365 1678 1485 1751 Athe-

290 1809 436 1885 nienses
465 1819 553 1880 tunc
578 1806 762 1902 temporis,
793 1805 846 1876 rei
880 1805 1095 1879 necessitate
1122 1816 1161 1879 et
1185 1805 1364 1878 venientis
1391 1805 1483 1878 belli

289 1932 516 2032 providentia
548 1932 727 2019 inductos,
762 1932 921 2004 animum
953 1933 1151 2005 advertisse
1190 1942 1343 2005 testatur
1374 1933 1483 2006 'Phu-

290 2060 466 2162 cydides¹.
492 2061 687 2159 Ἀνειλῆφει,
701 2059 763 2147 ait,
779 2061 799 2145 ἡ
811 2059 907 2132 πόλις
918 2061 1116 2144 ἑαυτὴν-ἐς
1128 2063 1306 2158 χρημάτων
1318 2059 1481 2158 ἄθροισιν.

221 2257 237 2270 .
289 2193 369 2266 Pax
392 2189 512 2265 Niciae
538 2190 632 2262 facta
657 2199 713 2262 est
734 2189 793 2261 Ol.
813 2212 971 2263 mxxxix.
988 2201 1026 2261 3.
1052 2199 1090 2260 et
1114 2191 1182 2262 hac
1200 2212 1291 2285 pace
1312 2191 1482 2279 durante,

247 2303 249 2308 ¹
289 2330 427 2414 septem
464 2318 573 2390 millia
602 2317 817 2390 talentorum
853 2328 1028 2414 congesta
1060 2319 1176 2390 sunt⁸.
1246 2319 1322 2390 Pax
1355 2331 1481 2392 autem

211 2481 217 2490 ’
289 2471 353 2520 sex
374 2471 489 2520 annos
513 2447 663 2520 duravit.
715 2445 798 2518 Hoc
818 2444 1001 2532 decretum
1026 2467 1116 2540 ergo
1140 2443 1200 2516 01.
1218 2468 1279 2518 xc.
1302 2459 1335 2517 1.
1351 2447 1423 2520 rel.
1444 2463 1480 2521 2.

238 2623 244 2632 ·
288 2547 408 2649 forsan
435 2576 568 2650 factum
591 2576 680 2649 est'.

364 2705 471 2793 Quod
502 2703 644 2783 initium
682 2703 820 2775 decreti
855 2702 996 2790 attinet,
1040 2704 1150 2776 multa
1181 2705 1261 2777 loca
1290 2708 1480 2783 advocavit

289 2830 474 2904 Bbckhius
503 2851 657 2926 quorum
684 2852 757 2921 ope
779 2830 901 2901 omnia
928 2830 988 2902 bic
1017 2855 1039 2902 e
1068 2830 1208 2903 solenni
1236 2855 1337 2904 more
1365 2835 1480 2906 Athe·

290 2955 470 3029 niensium
505 2954 602 3027 facta
642 2978 721 3025 esse
758 2955 954 3028 videmus⁴.
1019 2958 1203 3030 Bbclrhius
1240 2982 1388 3055 quoque
1418 2963 1481 3032 τᾶν

287 3088 499 3170 Ἐπιστατὴν
520 3085 580 3157 hic
598 3092 844 3171 memoratum,
868 3084 1026 3159 Senatus
1042 3110 1115 3158 non
1137 3086 1252 3181 plebis
1267 3088 1481 3175 Ἔκκιστατῆν

288 3241 367 3291 esse
400 3238 446 3289 ax
475 3210 722 3308 Aristophanis
756 3220 794 3282 et
828 3210 1012 3283 Plutarchi
1042 3211 1131 3283 locis
1164 3194 1278 3307 supra
1296 3214 1480 3287 advocatia

289 3344 435 3441 colligit.
487 3341 571 3414 Nec
601 3350 727 3412 contra
753 3338 842 3410 facit
868 3341 1052 3413 decretum
1083 3342 1179 3435 apud
1209 3340 1478 3438 Thucydidem,

288 3477 450 3575 quamvis
466 3474 691 3571 plebiscitum
704 3472 750 3544 sit
759 3500 770 3557 ;
799 3473 1041 3567 quodcunque
1059 3472 1155 3543 enim
1179 3495 1202 3542 a
1219 3472 1327 3568 plebe
1345 3472 1477 3544 scitum

286 3614 375 3689 erat,
401 3603 477 3673 ida
494 3609 621 3674 senatu
638 3610 754 3671 ratum
769 3611 865 3671 esset
880 3601 1081 3694 oportebat.

328 3806 579 3871 =Thuc.v1.a6.
904 3810 967 3886 (01.
982 3831 1076 3871 xcrv
1092 3819 1132 3888 2.)
1172 3816 1218 3871 Ex
1239 3814 1365 3872 hislocis
1385 3814 1482 3889 expli-

326 3904 404 3964 ².cf
418 3906 514 3965 AEsch.
528 3906 563 3961 de
576 3904 651 3962 Fals.
667 3902 734 3977 Leg.
748 3922 775 3977 p.
786 3907 855 3963 334.
905 3908 1026 3964 candum
1056 3907 1196 3965 decretum
1227 3909 1301 3983 apud
1325 3907 1481 3967 Clarkium

285 4021 327 4080 sq.
904 4004 1011 4077 (Greek
1026 4005 1154 4062 Marbles
1168 4006 1269 4064 XXX
1282 4025 1310 4080 p.
1325 4009 1387 4079 52.)
1425 4006 1481 4067 cf.

79 4088 111 4119 ’·
325 4093 404 4154 ⁸·Cf
418 4093 531 4152 Bdckh·
545 4093 661 4154 Tom..l
676 4098 784 4168 p··477
799 4111 841 4167 sq.
904 4106 1005 4173 praeter
1024 4098 1087 4155 loca
1105 4119 1166 4175 quae
1187 4101 1308 4157 advocat
1330 4100 1482 4159 Bbckhius

324 4190 444 4247 ‘Tbuc
462 4190 517 4247 IV.
533 4196 601 4248 118.
618 4188 681 4265 (01.
701 4206 854 4246 uxxxrx.
905 4192 987 4268 Biag.
1000 4192 1033 4249 de
1048 4193 1162 4253 Deerat.
1177 4195 1318 4265 Athen§.
1334 4202 1383 4261 17.
1403 4196 1483 4253 Cor-

287 4286 327 4356 1.)
367 4285 511 4359 Aristopb.
524 4284 696 4358 Thesmoph.
710 4280 853 4357 372.(01.
904 4285 955 4345 ain.
968 4286 1043 4343 Past.
1054 4289 1116 4345 An.
1132 4288 1155 4350 l.
1169 4309 1197 4363 p.
1209 4294 1279 4350 283.
1294 4288 1478 4363 1V.Pr01eg,

287 4392 358 4434 xci.
375 4379 416 4449 3.)
456 4376 531 4437 Plut.
551 4377 612 4436 Vit.
634 4376 705 4433 Dec.
727 4374 810 4435 Orat.
824 4394 853 4449 p.
904 4398 931 4455 p.
944 4380 1226 4455 x11.Petit.adLeg.
1240 4386 1302 4440 Att.
1318 4378 1386 4455 186,
1403 4388 1480 4448 187.

286 4474 356 4529 225.
381 4470 444 4549 (Ol.
473 4490 559 4531 xcn.
587 4476 628 4547 2.)
651 4482 654 4491 '
681 4471 792 4531 Audoc.
819 4472 852 4528 de
903 4474 979 4533 Van.
1010 4472 1093 4531 Dale.
1126 4476 1205 4538 Dias.
1235 4476 1269 4533 de
1297 4476 1418 4549 Strateg.
1447 4490 1481 4537 et

288 4564 378 4640 Myst.
398 4584 426 4639 p.
444 4572 492 4630 47.
512 4566 575 4643 (Ol.
594 4584 678 4624 xcu.
700 4568 739 4641 3.)
758 4588 786 4641 p.
802 4572 852 4634 39.
905 4566 992 4625 Scrib.
1012 4587 1041 4642 p.
1057 4574 1125 4630 424.
