3250 5350
350 472 419 533 ult
742 488 1085 543 ruosroousru.
1280 482 1425 565 [Crass.
1447 488 1501 553 111.

260 636 264 647 ‘
349 637 463 713 omnis
504 635 661 713 omnium
705 638 863 716 Deorum
902 644 1054 739 pecunie
1086 648 1123 721 io
1159 649 1408 746 opisthodmo
1443 683 1502 732 ,μμ

293 871 297 879 ¹
346 779 507 853 uebatur.
578 773 780 865 Quaestorer
826 776 884 849 Ol.
918 802 977 853 xc.
1017 782 1228 881 conjunctos
1268 812 1347 865 esse
1390 795 1502 869 scribit

345 915 526 991 Bdcklrius
539 913 562 1001 ¹,
587 936 654 986 nec
672 912 797 985 dubito
819 912 905 1010 quio
931 927 1038 989 recta.
1079 917 1163 994 ‚Diu
1186 933 1271 997 unte
1297 925 1501 1006 Demosthe·

344 1076 427 1125 nem
466 1028 587 1123 omnes
625 1048 809 1119 thesauros
851 1045 888 1117 in
926 1026 1212 1143 opisthodomum
1254 1080 1333 1133 esse
1368 1080 1501 1141 coactos

344 1184 428 1258 satis
454 1191 552 1279 patet
577 1202 658 1254 cum
684 1177 745 1251 ille
765 1180 814 1249 ite
836 1178 1010 1275 loquatur.
1055 1186 1085 1254 ol
1108 1192 1218 1271 ταμίαι
1248 1192 1303 1289 ἐφ’
1326 1193 1410 1271 &a
1439 1205 1497 1275 ὄπ.

343 1313 496 1403 αθόδομας
511 1316 704 1410 ἐνεπρήσθη,
723 1316 772 1385 roi
789 1317 819 1385 ei
833 1320 901 1385 τῶν
921 1320 980 1399 τῆς
994 1320 1069 1389 θεοῦ
1083 1321 1175 1391 raiol
1191 1322 1257 1395 τιῧν
1273 1322 1387 1403 ἄλλων
1399 1338 1494 1408 deest

342 1450 544 1541 Quaestores
581 1470 628 1521 sc.
662 1445 875 1519 fraudulenti
915 1446 1075 1519 homines
1113 1450 1227 1547 (qood
1265 1458 1311 1530 ab
1349 1460 1496 1561 Ulpiano

334 1577 377 1669 in
409 1574 507 1649 illum
539 1574 653 1647 locum
683 1572 864 1664 discimus)
900 1596 980 1643 cum
1014 1576 1203 1669 pecuniam
1238 1583 1305 1656 sibi
1339 1592 1493 1665 traditam
1593 1619 1594 1626 ¹

338 1709 468 1780 foenori
490 1706 676 1793 locassent,
698 1715 821 1801 postes
843 1704 1123 1799 opisthodomom
1147 1734 1432 1811 concremavere,
1455 1750 1499 1798 ne
1593 1737 1594 1768 ί

337 1842 462 1915 fraudo
494 1839 712 1938 patefacta
704 1838 769 1933 ipsi
808 1838 979 1934 supplicio
1010 1840 1247 1920 afficerentur
1301 1854 1493 1953 Aliquando

338 1968 515 2043 Minervae
560 1976 597 2040 et
641 1954 787 2039 aliorum
835 1968 994 2041 Doomm
1043 1988 1237 2068 questores
1290 1985 1491 2083 conjunctos

336 2122 414 2171 esse
439 2097 486 2169 ab
513 2094 741 2192 inscriptione
768 2098 918 2192 quadam
935 2098 993 2171 Ol.
1010 2106 1131 2198 xcvi.
1159 2104 1363 2206 inscripta³,
1388 2128 1491 2214 atque
1593 2097 1594 2100 Ἴ

335 2230 458 2303 decem
474 2228 653 2303 universos
670 2228 779 2302 fuisse
798 2228 881 2301 satis
893 2240 1002 2325 potet.
1039 2232 1111 2307 Sed
1129 2249 1253 2331 postea
1268 2244 1333 2337 (ot
1347 2250 1490 2339 xcrrrr.)

335 2361 512 2436 Minervae
550 2372 742 2460 quaestores
776 2384 840 2457 per
871 2386 911 2434 se
944 2362 981 2435 in
1015 2389 1191 2443 marmore
1218 2378 1366 2471 quodam
1395 2381 1488 2453 alio*

332 2504 583 2568 momorantur.
620 2492 755 2567 Decem
773 2493 916 2590 quidem
934 2516 1071 2591 semper
1083 2498 1193 2575 titisse
1208 2503 1387 2584 Minerva
1397 2534 1488 2608 qoe-

330 2640 445 2704 stores
461 2638 609 2716 constat,
624 2638 716 2700 sorte
734 2651 754 2698 e
769 2625 1168 2706 Pentecosiomedimnis
1180 2636 1348 2732 delectos,
1362 2647 1490 2722 scilicet

331 2773 372 2833 ut
394 2770 488 2831 esset
512 2759 607 2830 unde
632 2782 688 2830 res
715 2759 953 2845 redderentur,
984 2762 1198 2854 sifraudom
1222 2772 1378 2872 aliquam
1403 2781 1492 2855 Dee
1593 2812 1594 2821 ι

329 2892 502 2964 thesauris
523 2889 756 2963 intulissent⁶.
783 2891 897 2965 Variis
914 2897 1116 2972 nominibus
1130 2907 1492 3000 appellanturwptm,
1593 2936 1594 2941 ¹

328 3033 387 3111 τῆς
402 3031 487 3110 θεοῦ,
506 3029 571 3096 τῶν
588 3031 646 3110 τῆς
671 3031 759 3113 θεον,
779 3033 846 3100 τῶν
867 3029 955 3126 ‘tepor
976 3033 1154 3128 χρημάτων
1172 3070 1230 3123 της
1245 3040 1414 3136 Ἀθηναίας,
1437 3051 1489 3124 vel

327 3163 386 3241 τῆς
414 3161 489 3228 θιου
512 3165 549 3228 et
582 3155 629 3228 ab
661 3153 867 3231 Herodoto⁶
893 3166 1008 3243 ταμίαι
1035 3164 1096 3234 ταῦ
1124 3164 1220 3261 ίέμαιι.
1270 3168 1488 3271 Simpliciter

327 3289 540 3388 quandoque
556 3294 666 3376 ταμίαι
677 3287 891 3379 'uocantum
910 3315 1018 3389 quum
1038 3293 1146 3367 iidem
1163 3321 1308 3397 quoque
1327 3310 1493 3382 custodes

263 3415 265 3420 ’
324 3431 455 3508 essent,
482 3432 523 3493 ut
538 3421 686 3512 videtur,
715 3423 877 3518 pecuniae
904 3423 1093 3520 publicae
1082 3453 1119 3499 ιιι
1143 3431 1386 3525 opisthodomo
1409 3464 1487 3513 ser-

322 3561 425 3639 vatae,
460 3575 542 3648 quae
570 3554 729 3650 quamvis
766 3555 861 3628 haud
895 3555 1071 3631 Minervas
1102 3565 1246 3660 proprio
1277 3580 1381 3658 osset,
1408 3574 1491 3673 ejus

251 3714 254 3728 ι
321 3681 441 3756 tutele
461 3693 579 3758 tamen
599 3687 857 3783 quodammodo
879 3689 1097 3764 tradebatur.
1149 3693 1255 3784 Quod
1283 3703 1428 3797 quidem
1446 3707 1488 3779 ab

320 3810 552 3910 inscriptione
570 3793 696 3912 quarta
712 3818 879 3890 sectionis
895 3819 1018 3915 primae
1035 3823 1184 3924 intelligi
1201 3842 1327 3924 potest.
1356 3835 1492 3924 Ἐπειδιὶ

358 3973 368 4004 ¹
389 3973 498 4032 Biickh.
520 3974 586 4030 uber
605 3975 648 4031 die
669 3975 879 4034 Staathaushal·
928 3981 967 4040 ll.
982 4001 1009 4056 p.
1024 3989 1093 4042 310.

318 4081 386 4147 tung
399 4071 447 4126 der
461 4071 594 4132 Athones.
610 4073 690 4138 Tom.
706 4073 729 4130 I.
742 4093 768 4147 p.
786 4080 852 4140 173.
963 4080 976 4118 ⁵
995 4077 1041 4136 Cf.
1055 4079 1132 4139 Suid.
1145 4078 1267 4157 Harpoc.
1283 4096 1312 4144 et
1325 4087 1450 4153 Philam.
1464 4094 1492 4151 in

355 4166 432 4226 ¹Cl.
464 4167 609 4240 Denrostlu
642 4188 666 4229 c.
707 4167 813 4230 Timor.
846 4189 874 4244 p.
925 4193 992 4231 voce
1004 4179 1099 4246 ταμίαι
1114 4178 1158 4234 vel
1170 4179 1255 4238 instar
1268 4184 1394 4244 omnium
1407 4193 1494 4250 Aris·

317 4269 386 4321 trs.
406 4264 459 4336 (ed.
481 4263 576 4343 Tayl.)
923 4278 973 4329 tot.
989 4271 1070 4329 Polit.
1086 4273 1139 4331 Vl.
1156 4280 1183 4330 8.

239 4367 244 4375 ’
354 4357 534 4419 ⁸Chandler·.
570 4362 656 4424 Inscr.
685 4367 753 4424 Ant.
782 4365 820 4424 ll.
843 4375 872 4427 d.
960 4363 1096 4426 ⁶.Herod
1112 4367 1194 4429 Vlll.
1209 4377 1257 4433 51.

316 4449 423 4510 noctu.
446 4454 528 4516 Tom.
544 4459 580 4518 ll.
601 4477 629 4532 p.
643 4464 710 4522 287.
964 4461 1040 4525 ⁷Cl.
1051 4465 1180 4529 Demost.
1190 4471 1346 4550 Androtp.
1357 4472 1440 4536 615-
1425 4487 1490 4544 -11,

354 4554 365 4588 ⁴
386 4547 536 4612 Chandlsr
553 4555 592 4612 ll.
608 4563 634 4615 5.
667 4556 774 4618 lldclrh.
790 4561 872 4620 Tom.
922 4568 950 4617 et
963 4559 1097 4619 Surdam
1089 4581 1117 4620 ιιι
1132 4581 1209 4622 voce.
