3250 5350
155 510 283 577 Irtscn.
308 508 416 584 Vlll.]
723 515 793 593 207

153 681 341 779 perfectae.

231 814 250 888 1
292 815 377 890 Alia
401 816 584 889 semifacta
615 818 716 915 quod
741 815 1007 916 levigationem
1036 813 1178 889 attinet.

233 945 265 1016 V
308 947 412 1021 Ostia
432 950 656 1023 marmorea¹
683 949 795 1049 longa
816 973 873 1022 vrr
890 948 991 1044 ped„
1017 970 1101 1021 cunr
1125 946 1247 1043 palm„
1275 948 1360 1023 latre

153 1100 184 1150 rr
204 1076 287 1173 ped.
314 1100 397 1149 cum
422 1076 593 1163 dimidi03

231 1204 282 1277 lV
338 1205 482 1279 Horum
527 1218 670 1281 creterae
710 1208 856 1306 quidem
896 1210 1068 1308 perfecte
1107 1221 1211 1298 sunt;
1253 1212 1361 1311 nigra

149 1349 276 1413 autem
301 1366 478 1415 marmore
503 1342 726 1438 superciliis⁹
752 1342 890 1439 imponi
915 1344 1117 1440 oportebat.

229 1480 248 1553 1
294 1480 456 1553 Αιιοοιι8
484 1482 696 1580 hyperthyri
724 1481 901 1555 orientem
926 1506 1052 1557 versus
1076 1481 1295 1556 semiluctus.

205 1608 269 1682 111
313 1610 468 1707 Lapides
497 1610 674 1686 Pentelici
702 1640 768 1713 pro
796 1612 863 1687 ara'
889 1613 1032 1715 Thyoei
1060 1614 1163 1714 longi
1193 1637 1233 1689 rv
1261 1615 1357 1711 ped„

150 1741 217 1815 alti
245 1764 274 1815 11
293 1742 376 1837 ped.
405 1766 487 1813 cum
513 1744 633 1839 palm,
659 1746 768 1819 crassi
794 1747 922 1842 rped.,

232 1872 249 1945 Ι
294 1873 396 1947 Alius

153 2068 296 2108 mensura.
339 2051 528 2111 intellexerim
543 2060 634 2131 potius
649 2056 731 2137 Olpai
783 2068 828 2114 tus
851 2055 1033 2131 implicantur
1056 2054 1091 2112 ad
1116 2052 1135 2111 S
1157 2051 1307 2129 majusculi
1331 2059 1360 2109 et

154 2142 191 2200 de
206 2144 437 2221 antepagmentis,
454 2149 608 2222 supercilio,
631 2150 733 2225 hyper-
782 2150 893 2227 oblongi
916 2152 1050 2219 sormam,
1072 2158 1100 2207 et
1118 2150 1299 2225 praependent
1322 2149 1360 2207 ah

152 2240 250 2316 thyro,
268 2259 425 2318 coronaque
439 2244 564 2318 ejusdem
586 2245 659 2314 ostii,
679 2244 734 2303 lor·
783 2248 843 2306 irne
860 2266 964 2306 corona
975 2247 1129 2305 monadum
1142 2254 1360 2323 antepagmenta

152 2350 232 2398 tasse
255 2341 434 2417 thyromaton
456 2359 541 2415 supra
561 2358 734 2399 commemo·
783 2346 820 2402 ad
833 2344 1030 2402 libramentum
1043 2345 1094 2401 imi
1108 2343 1257 2418 supercilii.
1290 2340 1361 2400 Corr-

151 2434 219 2495 rati.
260 2434 365 2492 Lucem
380 2434 506 2509 aperient
519 2434 634 2493 sortasse
648 2436 750 2509 artili-¹
783 2439 853 2494 soles
872 2438 1009 2510 (Gallice)
1029 2438 1114 2495 vertit
1135 2438 1274 2509 Perrault,
1298 2456 1361 2493 cum

150 2550 200 2591 ces
217 2530 264 2605 qni
284 2530 312 2587 id
331 2530 434 2587 ostium
457 2529 550 2605 Elgini
568 2530 734 2589 auctoritate
784 2532 966 2589 dclleosieno
973 2534 1090 2589 mensola
1097 2530 1220 2604 (Italics)
1231 2528 1359 2590 Geliani.

149 2631 265 2690 lavante
279 2627 517 2686 delineaverunt.”
564 2626 635 2686 Haec
650 2627 732 2706 nimis
785 2628 841 2686 Die
855 2626 1026 2704 Kragsteine
1040 2625 1085 2684 die
1098 2623 1171 2684 euch
1183 2622 1361 2684 seitenrollcn

150 2729 258 2786 leviter
273 2726 416 2799 scripsisse
433 2726 524 2782 virum
539 2725 731 2783 doctissimum
783 2723 892 2781 heisscn
905 2720 1082 2795 (Teutonice)
1102 2719 1207 2778 Rode?
1240 2718 1361 2794 Anglice

150 2820 426 2896 omnesintelligent.
451 2821 733 2880 Postealorsaureeto
782 2820 900 2878 eandem
927 2837 988 2875 rem
1015 2821 1109 2876 count
1133 2817 1229 2874 sonari
1261 2823 1358 2874 monet

148 2919 318 2996 (Cratinum
343 2918 416 2992 apud
439 2917 512 2974 Poll.
536 2917 641 2975 Ouum.
663 2918 732 2976 v11.
788 2915 951 2972 Willrinsius
963 2915 1010 2991 qui
1023 2933 1089 2972 cum
1102 2912 1242 2971 elemento
1257 2913 1379 2972 Graeco·

152 3025 226 3076 122.
248 3015 437 3099 rnpaurcihoc
459 3013 502 3070 καὶ
523 3014 650 3093 πρόθυρα
670 3039 731 3073 ποι·
786 3013 855 3070 Zeta
869 3020 1023 3086 comparat.
1065 3010 1157 3070 Etim
1170 3007 1322 3072 Mullemt.

149 3117 218 3171 κίλα
229 3122 436 3170 memorantem
451 3111 604 3183 advocans)
611 3110 731 3180 pittanae
821 3107 1029 3186 ‘ilre'vapw
1091 3103 1275 3162 Schneiderus
1319 3103 1355 3160 ud

148 3208 378 3282 variegationem
400 3215 510 3265 tanturn
531 3207 666 3281 respicere
684 3227 733 3281 pu·
783 3203 966 3261 Vitrnv.lV.
986 3200 1059 3260 6.1.
1100 3208 1118 3235 ‘⁴
1129 3201 1176 3257 De
1196 3218 1264 3257 vnce
1277 3200 1362 3280 ΰπέρ-

149 3309 206 3362 nat
250 3301 295 3360 Cf.
314 3301 424 3378 qnaede
443 3302 544 3358 haere
561 3299 734 3375 supradixit
783 3301 867 3378 θυρον
875 3296 996 3355 breviter
1009 3303 1052 3352 est
1061 3294 1221 3352 dicendum.
1256 3293 1361 3352 Pollux

150 3399 199 3455 vir
219 3399 296 3458 duct.
785 3395 808 3456 I.
825 3391 874 3459 76.
914 3393 1029 3473 τόιῖπέρ
1044 3392 1096 3449 rtis
1111 3390 1192 3472 θύρας
1207 3388 1361 3473 ὑπέρθυρον

195 3495 311 3574 'supa
354 3501 374 3530 “
389 3492 485 3550 Postes
512 3493 608 3567 januae
638 3511 656 3548 a
677 3491 734 3568 llo·
784 3490 829 3547 καὶ
849 3487 1144 3570 trophima-Idem
1158 3499 1188 3558 7.
1207 3495 1276 3548 122.
1318 3490 1361 3546 rol

151 3591 249 3650 manis
293 3591 471 3648 vocabantur
514 3595 733 3664 antepagmenta,
784 3584 925 3668 ὑπέρθυρα
957 3587 1044 3644 etiam
1077 3591 1253 3665 iaecpromla
1285 3589 1362 3646 dicta

149 3687 382 3762 superimposita
404 3687 497 3744 trabes
524 3683 734 3758 supercilium
785 3684 877 3746 relect.
936 3684 1080 3742 Homerus
1116 3684 1175 3745 Od.
1209 3686 1279 3746 Vll.
1310 3694 1361 3754 90.

151 3783 269 3842 Graecis
303 3783 386 3862 ζυγα.
441 3781 524 3837 Nunc
560 3779 627 3837 nihil
663 3779 735 3836 inter
785 3782 1084 3856 nominatpostescum
1098 3780 1361 3860 hyperthyro-ubi

39 3877 41 3884 ⁴
148 3879 307 3953 supercilia
321 3890 348 3936 et
361 3877 555 3955 hyperthyron
568 3877 733 3948 intercessit,
787 3878 902 3938 Scholia
942 3879 1107 3959 ὑπερθύριον
1144 3879 1362 3956 interpretantur

36 3971 45 4051 f'
84 3951 95 3970 ’
149 3993 232 4034 nunc
274 3983 370 4032 sutem
411 3973 549 4047 zophorus
585 3971 734 4049 scalptus.”
787 3977 840 4035 τὼ
858 3976 955 4035 ἐπάνω
973 3977 1252 4056 montepenoerio,
1272 3974 1361 4032 locus

30 4069 46 4088 ‘'
152 4068 291 4128 Wilkins.
334 4069 389 4126 Sed
409 4069 443 4125 de
461 4069 683 4144 antepagmentis
697 4067 733 4128 cf.
785 4075 1003 4149 suprujunuum.
1039 4071 1134 4148 Vulgo
1152 4069 1361 4147 superliminare

49 4225 54 4235 ,
148 4165 415 4245 quaesupranttuli.
454 4165 734 4242 SuperciliaAnglice
784 4169 1000 4242 interpretantur
1020 4167 1156 4224 vocabulo
1180 4165 1358 4226 Pliniana-

47 4255 52 4264 ’
148 4263 279 4320 hannem
293 4271 437 4320 vocantur.
786 4266 905 4324 Vossius
926 4272 1019 4321 noster
1041 4265 1142 4322 rectius
1162 4263 1263 4338 puniit.
1304 4263 1362 4322 Sit·

52 4415 55 4428 ,
201 4357 281 4417 'oie
316 4359 375 4416 sive
411 4375 512 4416 ancon.
552 4355 735 4414 Schneiderus
787 4363 852 4419 bern
870 4359 1024 4418 aetates
1041 4359 1090 4416 der
1108 4357 1217 4420 Kronz.
1259 4362 1361 4420 Eusta-

148 4461 194 4519 ad
223 4457 340 4513 Vitruv.
365 4455 419 4516 IV.
452 4451 480 4512 6.
500 4462 530 4512 4.
577 4455 735 4512 “Ancones
787 4458 862 4515 thius
883 4475 1009 4530 superum
1036 4455 1116 4513 limen
1142 4457 1292 4515 eudrardo
1315 4478 1360 4515 su·

32 4541 66 4644 '³'
149 4549 665 4626 Philanderinterpretsturmouulus
675 4567 736 4625 qum
784 4551 1361 4631 perlorjunuoeinserotur‚irrterpretstur.”

149 4647 298 4724 capitibus
318 4646 374 4706 suis
400 4647 428 4704 in
447 4645 607 4706 volutarum
628 4643 737 4704 anfrac-
788 4646 928 4704 Praeterea
940 4646 1063 4723 appellnt
1078 4648 1120 4707 vir
1132 4647 1184 4709 cel.
1197 4655 1261 4724 post
1269 4647 1358 4723 intpp.
