3250 5350
57 504 222 569 Issen.
249 500 291 573 1.]
651 508 716 584 271

195 682 422 778 Thynarcho
451 679 669 751 Orchomeni
695 681 893 765 Archonte,
922 664 1045 753 mense

195 809 465 893 Alalcomenio;
495 808 643 882 Etataeae
668 823 787 882 autem
816 810 980 883 Menoeta

194 939 363 1012 Archelai
388 939 415 1007 f.
446 962 568 1009 mense
592 940 733 1032 primo;
761 939 881 1033 pactio
895 942 1004 1036 fucta
1031 950 1085 1011 cst

158 1158 164 1167 .
195 1070 289 1141 inter
314 1066 497 1140 Eubulum
524 1067 772 1141 Phoceensem
799 1081 838 1141 et
861 1070 1040 1141 civitatem
1151 1094 1153 1101 ·

198 1193 546 1281 Orchomeniorum3
574 1218 685 1289 quom
710 1196 889 1291 acceperit
914 1197 1078 1269 Eubulus

196 1345 218 1390 a
244 1320 388 1393 civitate
413 1344 558 1392 omnem
585 1321 776 1415 pecuniam
803 1322 870 1391 sibi
898 1323 1052 1395 debitam

198 1453 396 1523 secundum
425 1430 611 1543 pactiones
637 1451 749 1521 lactas

199 1580 423 1678 Thyoarcho
450 1581 646 1665 Archonte,
672 1604 795 1652 mense
821 1580 1034 1667 Thetumio,

198 1724 236 1784 et
260 1713 350 1783 nihil
376 1712 411 1783 ci
432 1713 585 1806 amplius
603 1714 681 1809 jam
709 1712 839 1783 debeat
865 1713 1001 1797 civitas,

198 1840 375 1911 dautem
401 1839 522 1911 omnia
548 1841 680 1911 habeat
703 1841 750 1912 ab
776 1842 874 1914 omni
902 1852 1017 1936 parte,

93 2114 146 2169 lta
170 2111 327 2190 Τρεφωνίοι
358 2111 395 2167 in·
419 2113 508 2168 loscr.
535 2112 569 2166 ad
597 2110 670 2169 calc.
722 2130 772 2185 pro
805 2138 826 2190 p
865 2115 972 2187 positis,
1006 2132 1121 2188 quorum
1163 2118 1289 2173 omnium

94 2206 193 2287 laser.
208 2204 247 2260 ll.
260 2205 344 2279 hujus
359 2205 475 2262 Classis.
511 2206 565 2262 Sed
580 2206 673 2263 forsan
722 2205 854 2278 exempla
866 2225 949 2279 supra
966 2206 1099 2262 ridemus.
1148 2208 1290 2264 Biiclrhius

91 2300 134 2371 (id
161 2299 234 2375 quod
255 2298 383 2355 Boethio
399 2299 523 2371 videtur)
537 2300 671 2373 oppidum
721 2312 818 2359 contra
841 2302 987 2371 ΡΕλατιῆῐ
1005 2302 1153 2377 legendum
1176 2312 1263 2376 putat.

93 2401 149 2448 aut
180 2390 373 2447 Erchomenus
400 2403 449 2447 aut
476 2390 672 2447 Orchomenos
764 2398 775 2428 ⁴
801 2398 855 2450 οὔτ
882 2394 962 2465 lalso,
990 2396 1082 2463 credo,
1109 2416 1125 2452 a
1153 2396 1292 2468 sculpture

95 2488 253 2544 dicebatur.
295 2484 415 2541 Nummi
434 2483 515 2539 multi
533 2482 674 2539 extantia
724 2486 845 2563 promia,
865 2488 945 2544 etita
960 2488 1111 2545 Bfickhius,

96 2581 202 2657 quibus
219 2577 348 2637 scribitur
366 2576 458 2633 El‘X.
482 2576 526 2633 vel
553 2573 673 2632 EPXO.
763 2581 884 2640 moer.
907 2585 923 2639 θ
945 2602 993 2657 pro
1015 2582 1040 2653 δ,
1062 2592 1090 2639 st
1111 2583 1125 2639 δ
1147 2601 1196 2656 pro
1219 2585 1235 2639 θ
1256 2584 1292 2638 ab

97 2696 114 2732 e
142 2675 252 2751 quibus,
279 2663 349 2729 teste
371 2670 517 2739 Eclrhelio,
542 2670 675 2745 (Numm.
725 2676 845 2751 antiquis
871 2676 991 2734 invicem
1019 2679 1195 2751 ponebantur,
1223 2689 1292 2734 teste

98 2767 171 2823 Vet.
213 2765 251 2823 ll.
288 2784 315 2838 p.
359 2769 438 2837 190.)
483 2762 568 2838 aliqui
600 2761 676 2818 baud
728 2772 875 2828 Eustachio
897 2791 924 2845 p.
944 2779 1030 2830 1841.
1048 2773 1067 2830 l.
1084 2779 1131 2832 23.
1148 2771 1194 2848 qui
1216 2775 1294 2831 οὐθέν

99 2859 232 2916 distantis
241 2859 294 2914 aevi
303 2875 363 2914 esse
372 2858 510 2914 videntur.
526 2855 676 2912 Eclchehus
726 2887 776 2941 pro
786 2866 861 2926 0532„
877 2866 989 2923 AEolum
1002 2866 1103 2940 linguae
1116 2865 1221 2922 tribuit.

102 2965 202 3010 autem
224 2953 276 3007 has
297 2951 391 3007 literas
414 2949 489 3005 male
515 2948 676 3022 explicavit,
766 2957 858 3036 ‘adp
879 2959 934 3015 mi„
954 2961 1044 3017 „dm
1089 2958 1163 3015 Mihi
1182 2959 1294 3032 quidem

104 3069 170 3108 curu
192 3047 388 3122 magistratum
408 3045 536 3100 denotare
558 3052 677 3116 putaret.
728 3051 798 3107 nihil
812 3051 841 3106 in
863 3049 906 3107 h's
927 3053 1112 3108 marmoribus
1128 3051 1180 3107 har
1200 3050 1296 3124 phrasi

105 3145 234 3202 Eandem
276 3140 518 3213 orthographiam
549 3140 578 3195 in
615 3139 677 3197 aliis
728 3143 874 3200 notabilius
888 3143 1005 3199 videtur.
1029 3143 1203 3198 lohodierna
1218 3145 1297 3199 Gra-

106 3256 213 3315 quoquc
231 3237 314 3309 hujus
328 3234 435 3292 Classis
454 3234 677 3306 inscriptionibus
726 3254 822 3291 corum
865 3235 959 3306 lingua
991 3236 1166 3291 accusativus
1201 3235 1296 3292 multis

67 3363 72 3371 ·
108 3333 210 3392 Lector
237 3330 353 3388 notabit.
399 3329 543 3386 Bbckhius
571 3349 678 3405 quoque
727 3326 963 3399 praepositiouibus
987 3328 1129 3400 subjicitur
1147 3327 1244 3402 quibus
1268 3330 1295 3384 in

107 3425 342 3509 'propsrorion
360 3421 480 3498 Olymp.
502 3421 632 3492 urm.)
651 3423 679 3478 in
728 3423 841 3496 antiqua
874 3421 970 3497 lingua
1003 3423 1111 3479 nonnisi
1143 3423 1295 3498 genitivum

111 3525 179 3582 MS.
199 3523 331 3578 Vatican.
353 3518 407 3593 legi
428 3518 505 3576 dicit.
542 3518 679 3578 hliillema
729 3517 913 3590 postpositum
955 3535 1014 3574 esse
1044 3515 1128 3590 vulgo
1166 3515 1297 3574 creditur.

109 3615 312 3691 (Gescbichten
334 3612 531 3670 Helleuischer
554 3612 680 3668 Stdmme
731 3607 905 3666 Hodiernam
926 3618 1019 3666 autem
1039 3610 1162 3681 linguam
1185 3629 1203 3664 a
1223 3623 1299 3666 vete·

111 3717 193 3771 Tom.
216 3711 240 3768 l.
268 3707 680 3783 p.129.n.)Erchomeuum
731 3723 793 3760 rum
829 3701 923 3776 lingua
967 3702 1140 3758 vernaculari
1179 3703 1297 3758 deriuari

111 3827 164 3883 pro
182 3805 296 3878 antiqua
317 3803 408 3860 forma
426 3803 519 3859 babet.
731 3797 860 3855 credibile
887 3808 939 3866 est,
963 3816 1046 3872 quam
1071 3796 1208 3870 praecipue
1233 3797 1300 3852 AEo-

151 3895 421 3977 'pecude-spira.
462 3895 587 3961 Elataeae,
601 3895 683 3952 otvi—
732 3895 817 3953 licam
841 3911 901 3950 esse
928 3891 977 3948 vix
1003 3891 1115 3948 dubium
1144 3899 1196 3947 est.
1244 3889 1298 3946 llic

113 3999 201 4063 detur,
222 3992 288 4048 anni
300 3991 410 4048 initium
420 3991 526 4046 duobus
540 3989 680 4046 mensibus
732 3997 826 4045 autem
848 3985 1034 4060 prmpositioni
1059 3985 1138 4063 «apd
1163 3980 1300 4039 accusati·
1358 3979 1363 3988 “

114 4107 197 4168 qnam
212 4083 535 4144 Orchomenimaturius
548 4094 617 4140 erat.
731 4104 801 4141 vum
824 4085 979 4158 subjectum
998 4080 1132 4136 videmus.
1175 4077 1206 4132 ln
1222 4093 1300 4148 supe·

156 4179 337 4247 ῬΕλατιῆυ
364 4179 503 4234 Dobraeus
526 4195 575 4250 pro
597 4177 682 4234 ’an-
732 4179 849 4237 rioribus
868 4175 1045 4234 accusativus
1063 4173 1151 4229 sidem
1171 4169 1302 4243 praeposi-

116 4275 208 4351 vemlp
222 4272 332 4345 accipit,
355 4272 511 4347 Digamma
523 4289 564 4327 sc.
579 4288 684 4344 praepo·
733 4272 800 4329 tioni
820 4271 964 4346 subjicitur
989 4269 1034 4325 ubi
1057 4265 1183 4324 dativum
1204 4279 1302 4336 expec-

116 4371 182 4440 sito,'
195 4367 312 4426 vocali«
334 4387 383 4442 pro
408 4393 442 4438 ει,
463 4393 479 4434 η
502 4385 551 4439 pro
571 4391 599 4422 αι
621 4378 683 4424 eto
733 4376 816 4424 tores.
