3250 5350
259 430 340 503 xxvi
682 449 1019 524 rnonsooncur.

260 609 613 702 repraesentnretur¹.
667 607 739 679 Sed
762 609 840 679 haec
864 609 985 680 omnia
1011 608 1101 679 nihil
1125 610 1284 680 adrem.
1337 601 1452 680 Nune

260 738 356 808 enim
385 738 577 833 quaerimus
601 761 712 832 quare
742 762 807 832 pro
829 739 945 810 forma
1012 797 1022 826 ,
1047 739 1117 810 alia
1139 741 1279 813 diversa
1304 738 1453 810 omnino

182 883 188 901 '
261 873 530 942 induceretur-⁹.

336 999 456 1097 Pergo
497 1002 544 1071 ad
583 998 743 1092 duplices
776 1009 1015 1070 consonantes
1060 1008 1092 1075 Ξ
1132 1009 1170 1072 et
1213 1009 1255 1085 Ψ,
1297 1023 1449 1096 quntum

260 1145 422 1204 neutrum
449 1127 700 1224 perantiquam
728 1151 808 1197 esse
834 1129 918 1198 sutis
936 1138 1089 1207 constat,
1117 1149 1199 1197 curn
1226 1130 1261 1200 in
1283 1127 1450 1199 omnibus

258 1281 336 1349 fere
367 1255 660 1353 inscriptionibus
696 1278 809 1350 usque
840 1255 886 1324 ad
917 1255 1105 1326 Euclidem
1141 1258 1361 1328 Archontem
1393 1253 1451 1323 illa

257 1417 322 1490 per
355 1397 432 1475 ΧΣ,
461 1388 539 1457 brec
569 1395 689 1455 autern
718 1407 783 1477 per
810 1391 868 1454 ΦΣ
893 1398 1183 1480 repraeseutetur.
1237 1384 1451 1458 Salmasius⁸

258 1547 339 1594 curn
375 1519 494 1592 multis
520 1517 598 1588 aliis
629 1523 659 1588 Ξ
686 1538 750 1608 pro
785 1521 846 1585 ΚΣ
875 1539 1019 1609 semper
1052 1519 1159 1590 scribi
1191 1522 1328 1606 statuit,
1353 1523 1450 1616 quod

256 1654 348 1724 adeo
378 1649 505 1720 falsum
535 1655 589 1718 est
616 1654 725 1715 utne
751 1643 788 1713 in
821 1667 894 1713 uno
926 1644 1070 1739 quidem
1103 1671 1149 1720 ex
1171 1649 1338 1720 omnibus
1367 1673 1450 1746 quie

259 1781 345 1852 mihi
392 1778 572 1872 inspicere
621 1773 816 1868 contigerit
863 1774 1022 1848 indubios
1070 1777 1155 1848 fidei
1202 1781 1449 1868 marmoribus,

256 1913 459 1985 literalis
491 1909 568 1981 vice
598 1905 830 1978 consonantis
856 1913 886 1978 Ξ
911 1906 1122 2002 funguntur.
1176 1909 1316 1981 Eodem
1344 1914 1449 1984 modo

220 2109 232 2118 .
257 2050 327 2126 ΦΣ,
356 2041 502 2111 minime
530 2046 650 2107 autem
675 2043 745 2119 ΠΣ,
774 2059 838 2128 pro
865 2043 927 2105 Ψ*
950 2061 1092 2131 semper
1116 2051 1311 2133 ponuntur.
1364 2039 1449 2112 Hoc

257 2171 297 2240 lit
323 2169 429 2239 etiam
460 2165 497 2234 in
527 2162 674 2236 vocibus
701 2185 852 2256 quarum
881 2164 1026 2256 propria
1055 2176 1150 2236 esset
1178 2167 1282 2237 litera
1309 2173 1352 2249 Κ,
1380 2169 1447 2240 nisi

256 2303 283 2367 Σ
306 2304 529 2390 sequeretur.
583 2297 949 2362 ΑΝΑΧΣΙΚΡΑΤΕΣ
973 2294 1125 2388 exempli
1148 2298 1268 2393 gratia
1292 2299 1330 2368 in
1356 2323 1448 2371 mar-

256 2448 354 2496 more
373 2421 610 2496 Nointeliano
625 2419 767 2516 legitur.
802 2421 850 2491 At
867 2444 1007 2516 semper
1018 2433 1054 2494 et
1067 2424 1201 2521 ubique
1212 2433 1447 2516 ANAKT02,

258 2581 328 2628 non
357 2559 596 2626 ΑΝΑΧΤΟΣ.
652 2551 758 2638 Quod
784 2562 905 2624 autem
943 2553 999 2624 vel
1030 2555 1145 2654 mag-is
1175 2557 1390 2644 mirandum,
1418 2562 1449 2631 si

257 2686 468 2757 vocabulum
501 2708 521 2752 a
547 2689 576 2752 Σ
603 2680 780 2773 incipiens
810 2680 913 2751 aliam
950 2706 1124 2790 vocema
1159 2694 1189 2756 K
1221 2690 1446 2762 desinentem

296 2895 303 2923 ¹
328 2889 497 2963 Hujusmodi
532 2887 697 2944 mutationes
731 2895 887 2943 contractas
924 2908 977 2945 uno
1010 2892 1110 2949 intuitu
1137 2892 1273 2970 inspicere
1303 2898 1448 2956 Lectorem

257 2986 372 3043 sortasse
387 2984 507 3058 juvabit.

439 3103 566 3161 Gemma
607 3116 629 3164 <
664 3102 731 3156 ΛΓ
782 3100 822 3155 Xi
917 3097 1017 3165 lli}
1063 3104 1118 3159 Chi
1162 3108 1257 3179 †X.

435 3194 564 3250 Lumbda
611 3193 629 3247 l
666 3197 686 3246 ι*
782 3193 881 3267 Sigma
920 3194 953 3250 Μ
996 3191 1020 3257 Σ

260 3310 423 3366 Notandum
450 3316 493 3362 est
522 3306 551 3360 in
583 3301 694 3378 lecytho
729 3304 826 3359 Attico
876 3301 1113 3361 Selinuntiuorum
1160 3307 1206 3361 ubi
1246 3306 1346 3382 legitur
1388 3327 1445 3366 vox

258 3404 332 3479 apud
355 3400 475 3475 Walpol.
500 3400 582 3455 Tom.
599 3416 623 3454 1.
644 3417 672 3470 p.
688 3402 757 3454 823.
778 3416 827 3451 ro·
876 3394 1040 3461 vans.
1090 3398 1252 3457 Torremuz.
1290 3398 1380 3472 (sicit.
1418 3411 1447 3457 et

259 3518 321 3557 cem
341 3496 456 3555 ΚΑΛΕ
477 3494 579 3569 saepius
603 3512 662 3550 esse
681 3491 825 3565 scriptam,
876 3490 929 3563 obj.
951 3490 1011 3547 lus.
1031 3490 1161 3564 Inscript.
1177 3489 1285 3566 Proleg.
1299 3510 1325 3565 p.
1340 3500 1447 3571 xnus.)

260 3608 371 3663 semper
384 3587 611 3643 autemadextrn
620 3585 826 3651 sinistrorsum
879 3585 933 3641 Sed
961 3583 1138 3642 D'Orvillius
1162 3585 1264 3659 (Sicul.
1292 3606 1320 3657 p.
1336 3594 1399 3661 78.)
1418 3598 1447 3645 et

254 3670 423 3759 literamque
454 3682 583 3737 Lambda
612 3698 684 3735 nunc
714 3698 761 3751 per
795 3680 827 3746 t',
880 3678 1057 3734 Burmannus
1074 3680 1120 3748 (ad
1139 3678 1209 3737 calc.
1228 3679 1374 3739 D'Orvill.
1390 3681 1449 3737 Sic.

261 3799 333 3837 nunc
348 3779 430 3854 peri
452 3774 652 3849 repraesentari.
696 3772 774 3828 Duos
788 3772 830 3828 lu·
878 3774 1142 3843 pudentianam
1166 3772 1297 3848 Hypsam
1317 3774 1371 3831 hoc
1395 3795 1446 3832 no-

261 3878 336 3950 pides
355 3869 523 3947 sepulcrales
545 3871 573 3925 in
589 3867 706 3924 Lusierii
728 3868 828 3924 blusso
878 3864 1113 3936 minesignifieari
1126 3876 1261 3924 statuunt.

260 3976 387 4023 extantes
400 3976 428 4021 et
441 3982 458 4019 a
474 3962 533 4017 viro
546 3959 598 4019 cel.
612 3960 645 4014 T.
664 3958 694 4015 S.
708 3956 827 4033 Hughes
916 3956 929 3989 ⁸
951 3959 1075 4018 Salmas.
1088 3961 1280 4023 deHellenist.
1293 3986 1319 4040 p.
1332 3972 1402 4025 385.
1417 3978 1446 4023 et

262 4080 371 4117 mecum
386 4056 605 4115 communicatos
617 4054 663 4109 hic
676 4071 827 4127 apponam,
880 4052 948 4110 Not.
968 4054 1004 4109 ad
1027 4054 1131 4111 Herod.
1152 4056 1241 4115 lnscr.
1264 4078 1293 4132 p.
1305 4064 1354 4115 30.
1377 4061 1445 4117 Vic-

261 4170 325 4207 cum
346 4161 456 4226 propter
470 4149 594 4205 diuersos
617 4146 721 4201 formas
741 4143 828 4201 literae
881 4147 959 4203 torin.
974 4167 1000 4220 p.
1017 4153 1107 4214 2459.

263 4246 391 4299 Lambda
411 4245 466 4298 sint
487 4240 620 4296 notabiles
918 4236 1013 4295 ‘Hoc
1024 4249 1098 4296 certe
1109 4246 1446 4318 nunquamaGramma·

266 4350 293 4400 l.
310 4334 451 4399 ΚΑΜΙ
476 4344 507 4397 2.
528 4329 701 4395 ‘lYZlAX
880 4334 941 4390 ticis
949 4335 1173 4393 animadversum
1181 4348 1233 4396 est.
1244 4338 1372 4397 Diomed.
1380 4340 1443 4397 Lib.

341 4434 443 4502 ΣΤΩ
523 4426 825 4497 ΝΥΣΑΝΔΡΟΥ.
878 4444 917 4481 11.
930 4444 958 4498 p.
972 4432 1041 4489 417.
1059 4430 1150 4501 (apud
1160 4429 1297 4503 Putsch.).
1313 4439 1332 4465 ⁴⁸
1344 4432 1366 4501 Ρ
1380 4441 1409 4490 et
1422 4432 1441 4485 S

298 4538 309 4571 ¹
330 4536 399 4594 llaee
415 4536 506 4593 forma
523 4534 641 4591 occurrit
660 4534 687 4589 in
708 4550 825 4587 nummo
876 4518 960 4576 simul
974 4522 1068 4593 positae
1082 4527 1214 4581 Graecum
1230 4527 1259 4581 Ψ
1273 4527 1424 4585 asserunt?
