3250 5350
845 436 914 502 182
1254 434 1399 518 [Cebes.
1418 436 1472 501 Ill.

492 616 507 679 l
560 605 824 705 Μοοχολιοίονι
849 615 944 692 μῆκος
968 605 1175 705 τετράποδα,

557 736 689 813 πλάτος
713 732 868 833 τρίποδα,
894 736 1005 832 πάχος
1029 744 1132 833 τριῶν

555 862 731 949 dulcedius

474 1002 500 1064 Ρ
554 988 837 1091 Ἐοιτορονίπιθοςς·9
860 1000 956 1081 μῆκος
982 993 1136 1091 τετρᾶπο

483 1133 505 1193 b
555 1119 620 1207 doe,
645 1123 774 1200 πλάτος
799 1118 972 1219 τρίποδος,
998 1122 1113 1218 πάχος

554 1258 654 1345 τριῶν
678 1248 863 1336 intruditur·

586 1473 619 1529 L.
637 1481 681 1532 18.
707 1473 889 1553 Μοσχολίον
908 1490 958 1545 pro
977 1486 1184 1554 μοσχολιοιον.

291 1685 373 1741 bubrr
392 1688 555 1755 penetraret,
574 1680 603 1736 in
618 1678 675 1736 illis
688 1677 860 1750 marginibus
912 1677 1043 1735 Vitruvio
1064 1686 1094 1736 4.
1109 1686 1139 1737 3.
1150 1690 1179 1739 4.
1222 1679 1393 1737 Crassitudo
1414 1682 1481 1757 copi·

291 1784 406 1850 accepte
425 1774 501 1830 haud
519 1772 627 1845 lougius
645 1773 860 1846 progrederetur.
910 1772 964 1828 tuli
984 1771 1129 1829 dividetur
1145 1773 1176 1829 in
1192 1782 1294 1847 portes
1314 1783 1376 1832 tm
1393 1798 1409 1833 e
1427 1777 1480 1852 qui·

292 1872 427 1947 Ejusdem
455 1869 560 1942 generis
584 1885 682 1943 margo
704 1868 732 1923 in
755 1867 861 1940 superi·
909 1868 959 1923 huo
982 1888 1036 1923 uno
1054 1868 1179 1943 plinthus
1201 1888 1261 1925 curu
1285 1872 1409 1941 cymatio
1426 1873 1479 1939 fiet,

290 1967 332 2024 ori
372 1973 450 2040 perte
490 1963 660 2037 singularum
702 1961 859 2038 tegularum
908 1963 998 2019 ultera
1024 1963 1136 2019 echinus
1160 1983 1221 2019 cunr
1246 1964 1368 2035 annulis,
1399 1967 1478 2023 tertie
1557 2019 1558 2046 q

290 2059 379 2116 fuebrs
404 2066 455 2126 est,
479 2067 507 2115 et
533 2056 644 2114 inferior
671 2075 735 2130 pers
760 2054 859 2131 tegulae
908 2056 1140 2131 hypotrachelioo.
1168 2058 1326 2132 Suprema'
1318 2060 1409 2131 igitur
1422 2078 1478 2133 pars

289 2152 507 2227 superimpositae
534 2159 651 2207 exarata
684 2163 727 2207 est
758 2150 836 2207 ubi
829 2169 859 2205 ιο
908 2153 1022 2227 capituli
1045 2156 1171 2212 πλίνθος-
1184 2172 1202 2210 a
1227 2154 1317 2212 forma
1340 2158 1480 2229 quadratu

289 2248 363 2305 inire
391 2248 532 2323 jacentem
565 2248 729 2305 incubuerit.
774 2247 858 2303 Πλιν-
907 2245 1480 2323 dicebaturiucepituleoolumuaedoricae,

290 2348 333 2404 θοι
355 2351 404 2402 aut
423 2346 544 2420 majores
568 2353 616 2401 eut
636 2343 757 2400 minores
779 2351 858 2399 erunt
907 2342 935 2397 in
963 2341 1058 2417 reliq
1042 2361 1075 2397 us
1102 2362 1168 2399 vero
1192 2344 1288 2399 obesus
1314 2352 1437 2399 vocetur
1463 2364 1480 2399 e

289 2459 340 2515 pro
376 2440 480 2497 ratione
517 2440 616 2513 operis.
678 2438 710 2494 lu
747 2435 859 2511 templis
909 2435 1066 2492 Vitruvio!0
1089 2437 1252 2495 Schneider.
1273 2436 1406 2512 Denique
1419 2437 1477 2493 haec

290 2532 441 2590 minoribus
466 2532 559 2608 (quale
582 2532 633 2587 fuit
655 2530 857 2599 Erechtheum)
908 2527 941 2585 de
979 2532 1101 2587 πλίνθοις
1146 2530 1297 2586 Mullerus.
1352 2531 1477 2605 “Neque

292 2629 361 2686 duos
391 2624 553 2700 plerumque
579 2624 662 2696 pedes
690 2622 743 2678 leti
766 2635 857 2678 eraut.
907 2625 1092 2701 capitulorum
1118 2625 1237 2684 abacum
1260 2644 1349 2702 neque
1375 2626 1475 2703 regulas

289 2718 403 2794 Tegulae
416 2719 451 2774 ed
466 2715 634 2789 suggrundia
647 2715 745 2788 positae
759 2732 820 2789 quae
830 2716 858 2772 in
908 2721 1028 2798 intellige
1036 2747 1044 2791 ;
1065 2733 1130 2781 sunt
1143 2725 1255 2798 quedrae
1274 2723 1398 2798 lapideae
1410 2724 1476 2798 peri·

288 2813 366 2868 initio
389 2809 556 2868 recensionis
578 2810 729 2866 innuuntur
752 2830 767 2866 e
789 2810 858 2884 lupi·
907 2819 958 2877 etis
981 2818 1119 2889 australis,
1140 2821 1218 2894 cujus
1239 2820 1400 2878 crassitudo
1423 2822 1477 2877 sive

288 2905 368 2961 dibus
386 2904 495 2978 oblique
516 2903 598 2959 sectis
619 2922 703 2976 supra
724 2922 857 2960 coronam
907 2913 1077 2989 singulorum
1115 2914 1240 2989 lapidum
1281 2915 1402 2973 latitudo
1441 2925 1477 2972 est
1564 2973 1565 2976 ,

283 2998 453 3076 J'ueentibus,
467 3005 495 3054 et
509 2996 652 3054 latitudine
666 2998 735 3054 dues
749 2999 858 3073 tegulas
907 3011 995 3067 ferme
1005 3019 1023 3070 2
1035 3011 1136 3084 pedum
1148 3010 1184 3067 cf
1200 3012 1257 3067 tab
1270 3029 1381 3068 xxm,
1393 3019 1424 3070 4
1435 3010 1477 3068 οβ’

288 3093 460 3184 :equentibus
487 3093 668 3168 fingebantur
721 3093 750 3150 Si
777 3103 1476 3186 cenu-¹“Maoxotrmotegulaest1n1me

287 3190 390 3247 libus
383 3209 412 3246 ιο
436 3209 538 3248 corone
560 3209 629 3265 opus
652 3201 733 3261 esset,
760 3191 788 3248 in
816 3191 860 3248 hie
907 3199 1010 3272 fastigii
1022 3199 1132 3274 angulo
1180 3201 1225 3257 lta
1241 3203 1336 3260 {oman
1351 3202 1427 3261 dicta
1439 3211 1478 3258 est

288 3284 425 3358 lapidibus
456 3285 573 3361 obliquis
601 3287 732 3343 excavati
759 3297 859 3354 eruut;
909 3295 974 3370 quis
1000 3294 1028 3350 in
1056 3295 1109 3350 huc
1137 3296 1243 3370 templo
1274 3296 1477 3377 Μοοχολιοιιο

178 3409 184 3420 ·
288 3398 406 3456 quorum
419 3381 520 3438 frons
513 3401 543 3437 ru
557 3391 763 3450 ornamentum,
784 3383 857 3457 quod
908 3411 990 3465 super
1027 3392 1149 3449 tumeres
1184 3395 1322 3465 (vitruvii
1359 3397 1391 3452 de
1424 3398 1477 3453 hoc

289 3474 436 3532 Vitruvius
463 3475 566 3532 Simum
593 3476 728 3551 appellat,
755 3477 858 3534 forme-
908 3485 1013 3560 templo
1035 3485 1170 3562 loquentis
1192 3488 1283 3544 verbis
1310 3490 1411 3565 utor)
1406 3509 1426 3544 1.
1449 3508 1476 3546 e.

287 3571 378 3626 betur.
419 3569 633 3646 Simaquidern,
652 3573 736 3628 etiam
752 3592 775 3629 οι
768 3572 857 3628 nulli
909 3599 1036 3638 versuras
1053 3581 1173 3646 aedificii‚
1188 3582 1223 3638 ad
1244 3582 1364 3657 angulos
1384 3583 1478 3640 smnus

286 3665 398 3723 canales
412 3676 510 3735 esseut,
531 3665 704 3742 fastigiorum
724 3686 856 3724 coronam
907 3677 1107 3750 pissimum?
1134 3676 1264 3737 wilkins
1298 3679 1402 3747 “Quae
1417 3698 1478 3754 pa„

287 3779 396 3835 semper
428 3763 576 3835 superabat
603 3771 631 3819 et
657 3762 692 3818 ed
722 3761 856 3834 angulum
906 3768 1030 3843 capituli,
1039 3771 1208 3843 utsuspieur,
1218 3773 1393 3840 voceturitu,
1399 3774 1479 3829 silen-

286 3877 396 3916 eoronae
417 3875 554 3914 converse
571 3875 619 3931 per
642 3857 723 3912 breve
744 3856 855 3930 aliquod
906 3862 1152 3936 tiumscriptorum
1163 3865 1480 3940 eorum,th0d1003.

287 3956 408 4031 spatium
435 3954 520 4009 ducta
545 3963 594 4010 est.
639 3950 753 4028 Tegulae
780 3971 856 4008 com·
906 3968 977 4025 tunt,
992 3966 1023 4011 ut
1036 3955 1202 4027 ignoremus,
1215 3957 1288 4014 secie
1311 3959 1421 4026 Quodsi
1436 3980 1482 4016 vo·

287 4070 395 4122 munes,
409 4050 459 4108 vix
469 4067 591 4123 unquam
603 4047 724 4121 emplius
738 4059 856 4123 quatuor
905 4046 1037 4103 eubulum
1064 4065 1129 4102 eum
1149 4048 1375 4126 μοσχιίλιοτῆρι
1403 4069 1481 4105 eom·

287 4149 374 4203 unciis
391 4164 504 4216 erossae‚
529 4163 566 4201 ex
589 4143 687 4220 argilla
706 4144 855 4220 aliquando
906 4162 986 4218 peres
1012 4143 1040 4198 iu
1065 4161 1135 4216 equo
1165 4142 1255 4198 currui
1285 4145 1397 4215 J'uucro,
1436 4143 1481 4201 ubi

285 4235 367 4292 facite
391 4242 484 4300 sunt.'’
518 4239 646 4296 Willlins.
685 4241 853 4298 “nhivdoue.
905 4237 1093 4294 Gmmmalicl
1108 4237 1218 4293 τόνδίᾰ
1232 4238 1482 4318 ποῖνμοσχολιόν

287 4327 448 4404 Hesychius
484 4336 606 4402 πλίνθος,
635 4331 718 4408 μέρος
748 4356 776 4387 τι
803 4333 854 4401 τῆς
904 4328 1072 4398 δεσμὸνποῦ
1085 4329 1237 4408 ὑποζυγίου
1250 4326 1481 4405 ἰοίὲορςοῑοοῐος,

286 4425 410 4501 κεφαλῆς
425 4429 478 4483 τοῦ
490 4431 588 4488 κίονος.
632 4425 731 4482 Recte!
758 4426 805 4483 sed
820 4426 855 4484 de
903 4425 993 4484 lorum
1005 4423 1050 4482 vel
1064 4425 1207 4482 vinculum
1216 4443 1264 4500 per
1274 4425 1481 4498 (infraJarmos

285 4517 407 4593 cupitulu
441 4517 545 4576 Dorico
579 4521 633 4579 dici
668 4521 801 4581 discimus
836 4544 854 4582 ο
903 4523 949 4579 vel
965 4517 1055 4577 nieles
1079 4519 1295 4591 circumdatum,
1314 4520 1389 4595 quod
1410 4521 1481 4578 item
