<?xml version="1.0" encoding="UTF-8"?>
<!DOCTYPE html PUBLIC "-//W3C//DTD XHTML 1.0 Transitional//EN"
    "http://www.w3.org/TR/xhtml1/DTD/xhtml1-transitional.dtd">
<html xmlns="http://www.w3.org/1999/xhtml" xml:lang="en" lang="en">
 <head>
  <title>
</title>
<meta http-equiv="Content-Type" content="text/html;charset=utf-8" />
  <meta name='ocr-system' content='tesseract 3.04.00' />
  <meta name='ocr-capabilities' content='ocr_page ocr_carea ocr_par ocr_line ocrx_word'/>
</head>
<body>
  <div class='ocr_page' id='page_1' title='image "./inscriptionesgr01rosegoog_0626.png"; bbox 0 0 3250 5350; ppageno 0'>
   <div class='ocr_carea' id='block_1_1' title="bbox 347 1020 1193 1113">
    <p class='ocr_par' dir='ltr' id='par_1_1' title="bbox 347 1020 1193 1113">
     <span class='ocr_line' id='line_1_1' title="bbox 347 1020 1193 1113; baseline -0.008 -4"><span class='ocrx_word' id='word_1_1' title='bbox 347 1025 646 1111; x_wconf 81' lang='lat' dir='ltr'><strong>ADDENDA</strong></span> <span class='ocrx_word' id='word_1_2' title='bbox 681 1048 737 1107; x_wconf 80' lang='lat' dir='ltr'><strong>ar</strong></span> <span class='ocrx_word' id='word_1_3' title='bbox 773 1020 1193 1113; x_wconf 81' lang='lat' dir='ltr'><strong>CORRIGENDA.</strong></span> 
     </span>
    </p>
   </div>
   <div class='ocr_carea' id='block_1_2' title="bbox 607 1303 843 1351">
    <p class='ocr_par' dir='ltr' id='par_1_2' title="bbox 607 1303 843 1351">
     <span class='ocr_line' id='line_1_2' title="bbox 607 1303 843 1351; baseline -0.004 1"><span class='ocrx_word' id='word_1_4' title='bbox 607 1336 616 1345; x_wconf 89' lang='lat'>-</span> <span class='ocrx_word' id='word_1_5' title='bbox 704 1303 843 1351; x_wconf 54' lang='lat'><strong>*¹*—</strong></span> 
     </span>
    </p>
   </div>
   <div class='ocr_carea' id='block_1_3' title="bbox 175 1516 1366 1828">
    <p class='ocr_par' dir='ltr' id='par_1_3' title="bbox 175 1516 1366 1828">
     <span class='ocr_line' id='line_1_3' title="bbox 251 1516 1365 1626; baseline 0.005 -28"><span class='ocrx_word' id='word_1_6' title='bbox 251 1516 429 1611; x_wconf 59' lang='lat' dir='ltr'><strong>Prosae.</strong></span> <span class='ocrx_word' id='word_1_7' title='bbox 455 1564 487 1626; x_wconf 92' lang='lat' dir='ltr'><strong>p.</strong></span> <span class='ocrx_word' id='word_1_8' title='bbox 501 1561 572 1612; x_wconf 66' lang='grc' dir='ltr'><strong>χιι.</strong></span> <span class='ocrx_word' id='word_1_9' title='bbox 617 1535 672 1607; x_wconf 88' lang='lat' dir='ltr'><strong>De</strong></span> <span class='ocrx_word' id='word_1_10' title='bbox 694 1538 790 1605; x_wconf 89' lang='lat' dir='ltr'><strong>literis</strong></span> <span class='ocrx_word' id='word_1_11' title='bbox 806 1564 849 1626; x_wconf 75' lang='lat' dir='ltr'><strong>ng</strong></span> <span class='ocrx_word' id='word_1_12' title='bbox 865 1552 896 1608; x_wconf 88' lang='lat' dir='ltr'><strong>et</strong></span> <span class='ocrx_word' id='word_1_13' title='bbox 920 1560 1026 1611; x_wconf 82' lang='lat' dir='ltr'><strong>aarum</strong></span> <span class='ocrx_word' id='word_1_14' title='bbox 1045 1537 1305 1623; x_wconf 75' lang='lat' dir='ltr'><strong>pronunciatione</strong></span> <span class='ocrx_word' id='word_1_15' title='bbox 1323 1544 1365 1608; x_wconf 82' lang='lat' dir='ltr'><strong>cs.</strong></span> 
     </span>
     <span class='ocr_line' id='line_1_4' title="bbox 175 1638 1209 1733; baseline -0.01 -28"><span class='ocrx_word' id='word_1_16' title='bbox 175 1638 316 1705; x_wconf 82' lang='lat' dir='ltr'><strong>Marium</strong></span> <span class='ocrx_word' id='word_1_17' title='bbox 330 1638 525 1704; x_wconf 81' lang='lat' dir='ltr'><strong>Victorinum</strong></span> <span class='ocrx_word' id='word_1_18' title='bbox 543 1663 577 1725; x_wconf 89' lang='lat' dir='ltr'><strong>p.</strong></span> <span class='ocrx_word' id='word_1_19' title='bbox 587 1640 687 1705; x_wconf 77' lang='lat' dir='ltr'><strong>ardo.</strong></span> <span class='ocrx_word' id='word_1_20' title='bbox 702 1660 753 1724; x_wconf 89' lang='lat' dir='ltr'><strong>sq.</strong></span> <span class='ocrx_word' id='word_1_21' title='bbox 1204 1724 1209 1733; x_wconf 33' lang='grc' dir='ltr'>Ι</span> 
     </span>
     <span class='ocr_line' id='line_1_5' title="bbox 251 1727 1366 1828; baseline 0.007 -25"><span class='ocrx_word' id='word_1_22' title='bbox 251 1738 289 1803; x_wconf 91' lang='grc' dir='ltr'><strong>Ρ.</strong></span> <span class='ocrx_word' id='word_1_23' title='bbox 309 1746 357 1814; x_wconf 88' lang='lat'><strong>19.</strong></span> <span class='ocrx_word' id='word_1_24' title='bbox 399 1734 566 1823; x_wconf 75' lang='lat' dir='ltr'><strong>[meriprr&#39;o</strong></span> <span class='ocrx_word' id='word_1_25' title='bbox 583 1735 745 1803; x_wconf 77' lang='lat' dir='ltr'><strong>Leucadio</strong></span> <span class='ocrx_word' id='word_1_26' title='bbox 770 1735 864 1807; x_wconf 84' lang='lat' dir='ltr'><strong>hodic</strong></span> <span class='ocrx_word' id='word_1_27' title='bbox 885 1742 970 1828; x_wconf 84' lang='lat' dir='ltr'><strong>opud</strong></span> <span class='ocrx_word' id='word_1_28' title='bbox 990 1733 1128 1808; x_wconf 83' lang='lat' dir='ltr'><strong>Nauium</strong></span> <span class='ocrx_word' id='word_1_29' title='bbox 1140 1727 1298 1811; x_wconf 65' lang='lat' dir='ltr'><strong>&#39;Veneriis</strong></span> <span class='ocrx_word' id='word_1_30' title='bbox 1318 1736 1366 1802; x_wconf 79' lang='lat' dir='ltr'><strong>vel</strong></span> 
     </span>
    </p>
   </div>
   <div class='ocr_carea' id='block_1_4' title="bbox 87 1828 1438 2916">
    <p class='ocr_par' dir='ltr' id='par_1_4' title="bbox 87 1828 1438 2415">
     <span class='ocr_line' id='line_1_6' title="bbox 174 1828 1369 1927; baseline 0.003 -28"><span class='ocrx_word' id='word_1_31' title='bbox 174 1834 280 1919; x_wconf 86' lang='lat' dir='ltr'><strong>potius</strong></span> <span class='ocrx_word' id='word_1_32' title='bbox 298 1858 399 1927; x_wconf 82' lang='lat' dir='ltr'><strong>prope</strong></span> <span class='ocrx_word' id='word_1_33' title='bbox 416 1834 566 1905; x_wconf 75' lang='lat' dir='ltr'><strong>Venerin</strong></span> <span class='ocrx_word' id='word_1_34' title='bbox 583 1847 767 1906; x_wconf 72' lang='lat' dir='ltr'><strong>catenatur.</strong></span> <span class='ocrx_word' id='word_1_35' title='bbox 818 1832 894 1905; x_wconf 85' lang='lat' dir='ltr'><strong>Hoc</strong></span> <span class='ocrx_word' id='word_1_36' title='bbox 912 1860 962 1907; x_wconf 86' lang='lat' dir='ltr'><strong>me</strong></span> <span class='ocrx_word' id='word_1_37' title='bbox 985 1832 1105 1905; x_wconf 85' lang='lat' dir='ltr'><strong>monuit</strong></span> <span class='ocrx_word' id='word_1_38' title='bbox 1131 1832 1248 1906; x_wconf 82' lang='lat' dir='ltr'><strong>amicus</strong></span> <span class='ocrx_word' id='word_1_39' title='bbox 1271 1828 1302 1899; x_wconf 88' lang='lat' dir='ltr'><strong>in</strong></span> <span class='ocrx_word' id='word_1_40' title='bbox 1319 1833 1369 1903; x_wconf 81' lang='lat' dir='ltr'><strong>in·</strong></span> 
     </span>
     <span class='ocr_line' id='line_1_7' title="bbox 174 1930 1365 2027; baseline 0.003 -29"><span class='ocrx_word' id='word_1_41' title='bbox 174 1936 242 1999; x_wconf 81' lang='lat' dir='ltr'><strong>sula</strong></span> <span class='ocrx_word' id='word_1_42' title='bbox 273 1932 374 2001; x_wconf 75' lang='lat' dir='ltr'><strong>cortu</strong></span> <span class='ocrx_word' id='word_1_43' title='bbox 399 1934 528 2020; x_wconf 79' lang='lat' dir='ltr'><strong>degens,</strong></span> <span class='ocrx_word' id='word_1_44' title='bbox 553 1956 626 2001; x_wconf 85' lang='lat' dir='ltr'><strong>cum</strong></span> <span class='ocrx_word' id='word_1_45' title='bbox 656 1930 744 1999; x_wconf 89' lang='lat' dir='ltr'><strong>illum</strong></span> <span class='ocrx_word' id='word_1_46' title='bbox 768 1936 893 2004; x_wconf 86' lang='lat' dir='ltr'><strong>taudem</strong></span> <span class='ocrx_word' id='word_1_47' title='bbox 919 1956 1078 2027; x_wconf 74' lang='lat' dir='ltr'><strong>rogassem</strong></span> <span class='ocrx_word' id='word_1_48' title='bbox 1102 1944 1138 1998; x_wconf 87' lang='lat' dir='ltr'><strong>ut</strong></span> <span class='ocrx_word' id='word_1_49' title='bbox 1163 1935 1232 2025; x_wconf 84' lang='lat' dir='ltr'><strong>ejus</strong></span> <span class='ocrx_word' id='word_1_50' title='bbox 1253 1930 1365 2016; x_wconf 83' lang='lat' dir='ltr'><strong>lapidis</strong></span> 
     </span>
     <span class='ocr_line' id='line_1_8' title="bbox 173 2028 1438 2122; baseline 0.002 -25"><span class='ocrx_word' id='word_1_51' title='bbox 173 2032 389 2119; x_wconf 77' lang='lat' dir='ltr'><strong>apographum</strong></span> <span class='ocrx_word' id='word_1_52' title='bbox 411 2030 564 2103; x_wconf 80' lang='lat' dir='ltr'><strong>irrmcoor</strong></span> <span class='ocrx_word' id='word_1_53' title='bbox 581 2052 672 2101; x_wconf 77' lang='lat' dir='ltr'><strong>rtrum</strong></span> <span class='ocrx_word' id='word_1_54' title='bbox 689 2032 870 2105; x_wconf 83' lang='lat' dir='ltr'><strong>conficeret.</strong></span> <span class='ocrx_word' id='word_1_55' title='bbox 922 2032 1040 2107; x_wconf 81' lang='lat' dir='ltr'><strong>Postea</strong></span> <span class='ocrx_word' id='word_1_56' title='bbox 1057 2028 1224 2099; x_wconf 64' lang='lat' dir='ltr'><strong>Graeculus</strong></span> <span class='ocrx_word' id='word_1_57' title='bbox 1237 2031 1364 2122; x_wconf 83' lang='lat' dir='ltr'><strong>quidam</strong></span> <span class='ocrx_word' id='word_1_58' title='bbox 1437 2060 1438 2065; x_wconf 47' lang='lat'>¹</span> 
     </span>
     <span class='ocr_line' id='line_1_9' title="bbox 87 2124 1365 2221; baseline -0.003 -24"><span class='ocrx_word' id='word_1_59' title='bbox 87 2159 90 2163; x_wconf 93' lang='grc'><em>·</em></span> <span class='ocrx_word' id='word_1_60' title='bbox 173 2128 315 2197; x_wconf 82' lang='lat' dir='ltr'><strong>Veneriis</strong></span> <span class='ocrx_word' id='word_1_61' title='bbox 335 2130 452 2219; x_wconf 73' lang='lat' dir='ltr'><strong>degens</strong></span> <span class='ocrx_word' id='word_1_62' title='bbox 469 2128 589 2199; x_wconf 72' lang='lat' dir='ltr'><strong>Conciti</strong></span> <span class='ocrx_word' id='word_1_63' title='bbox 602 2131 642 2193; x_wconf 89' lang='lat' dir='ltr'><strong>de</strong></span> <span class='ocrx_word' id='word_1_64' title='bbox 658 2124 808 2201; x_wconf 79' lang='lat' dir='ltr'><strong>Guirrort</strong></span> <span class='ocrx_word' id='word_1_65' title='bbox 823 2152 857 2197; x_wconf 85' lang='lat' dir='ltr'><strong>se</strong></span> <span class='ocrx_word' id='word_1_66' title='bbox 873 2126 950 2199; x_wconf 89' lang='lat' dir='ltr'><strong>illud</strong></span> <span class='ocrx_word' id='word_1_67' title='bbox 970 2153 1052 2221; x_wconf 83' lang='lat' dir='ltr'><strong>opus</strong></span> <span class='ocrx_word' id='word_1_68' title='bbox 1069 2127 1279 2213; x_wconf 69' lang='lat' dir='ltr'><strong>prostitutum</strong></span> <span class='ocrx_word' id='word_1_69' title='bbox 1296 2152 1365 2193; x_wconf 84' lang='lat' dir='ltr'><strong>esse</strong></span> 
     </span>
     <span class='ocr_line' id='line_1_10' title="bbox 174 2224 1365 2313; baseline 0 -20"><span class='ocrx_word' id='word_1_70' title='bbox 174 2227 335 2313; x_wconf 84' lang='lat' dir='ltr'><strong>pollicitus</strong></span> <span class='ocrx_word' id='word_1_71' title='bbox 358 2242 417 2298; x_wconf 84' lang='lat' dir='ltr'><strong>cst.</strong></span> <span class='ocrx_word' id='word_1_72' title='bbox 468 2227 531 2294; x_wconf 89' lang='lat' dir='ltr'><strong>Sed</strong></span> <span class='ocrx_word' id='word_1_73' title='bbox 554 2230 650 2295; x_wconf 81' lang='lat' dir='ltr'><strong>eheu!</strong></span> <span class='ocrx_word' id='word_1_74' title='bbox 684 2224 799 2298; x_wconf 61' lang='lat' dir='ltr'><strong>Graeca</strong></span> <span class='ocrx_word' id='word_1_75' title='bbox 832 2226 911 2296; x_wconf 82' lang='lat' dir='ltr'><strong>lidos</strong></span> <span class='ocrx_word' id='word_1_76' title='bbox 938 2230 1047 2299; x_wconf 80' lang='lat' dir='ltr'><strong>cadem</strong></span> <span class='ocrx_word' id='word_1_77' title='bbox 1073 2238 1121 2299; x_wconf 85' lang='lat' dir='ltr'><strong>cst</strong></span> <span class='ocrx_word' id='word_1_78' title='bbox 1145 2224 1239 2295; x_wconf 87' lang='lat' dir='ltr'><strong>hodic</strong></span> <span class='ocrx_word' id='word_1_79' title='bbox 1270 2250 1307 2293; x_wconf 82' lang='lat' dir='ltr'><strong>ac</strong></span> <span class='ocrx_word' id='word_1_80' title='bbox 1332 2226 1365 2291; x_wconf 91' lang='lat' dir='ltr'><strong>in</strong></span> 
     </span>
     <span class='ocr_line' id='line_1_11' title="bbox 174 2325 487 2415; baseline 0.006 -24"><span class='ocrx_word' id='word_1_81' title='bbox 174 2325 296 2395; x_wconf 78' lang='lat' dir='ltr'><strong>sacculis</strong></span> <span class='ocrx_word' id='word_1_82' title='bbox 323 2326 487 2415; x_wconf 79' lang='lat' dir='ltr'><strong>prioribus.</strong></span> 
     </span>
    </p>

    <p class='ocr_par' dir='ltr' id='par_1_5' title="bbox 174 2421 1367 2806">
     <span class='ocr_line' id='line_1_12' title="bbox 250 2421 1367 2510; baseline 0 -22"><span class='ocrx_word' id='word_1_83' title='bbox 250 2425 357 2489; x_wconf 62' lang='lat' dir='ltr'><strong>Por.</strong></span> <span class='ocrx_word' id='word_1_84' title='bbox 404 2423 619 2510; x_wconf 75' lang='lat' dir='ltr'><strong>InscnptioV.</strong></span> <span class='ocrx_word' id='word_1_85' title='bbox 673 2423 754 2489; x_wconf 81' lang='lat' dir='ltr'><strong>Haec</strong></span> <span class='ocrx_word' id='word_1_86' title='bbox 782 2422 944 2510; x_wconf 79' lang='lat' dir='ltr'><strong>inscriptio</strong></span> <span class='ocrx_word' id='word_1_87' title='bbox 972 2421 1004 2489; x_wconf 91' lang='lat' dir='ltr'><strong>in</strong></span> <span class='ocrx_word' id='word_1_88' title='bbox 1029 2422 1135 2493; x_wconf 85' lang='lat' dir='ltr'><strong>MSS.</strong></span> <span class='ocrx_word' id='word_1_89' title='bbox 1165 2422 1367 2497; x_wconf 81' lang='lat' dir='ltr'><strong>Fourrlronti·</strong></span> 
     </span>
     <span class='ocr_line' id='line_1_13' title="bbox 174 2508 1367 2615; baseline -0.001 -28"><span class='ocrx_word' id='word_1_90' title='bbox 174 2522 241 2589; x_wconf 85' lang='lat' dir='ltr'><strong>anis</strong></span> <span class='ocrx_word' id='word_1_91' title='bbox 267 2524 351 2590; x_wconf 86' lang='lat' dir='ltr'><strong>haud</strong></span> <span class='ocrx_word' id='word_1_92' title='bbox 376 2535 500 2589; x_wconf 76' lang='lat' dir='ltr'><strong>notatur</strong></span> <span class='ocrx_word' id='word_1_93' title='bbox 526 2517 804 2615; x_wconf 76' lang='grc' dir='ltr'><strong>“Αχουρβαλα,”</strong></span> <span class='ocrx_word' id='word_1_94' title='bbox 835 2533 870 2587; x_wconf 90' lang='lat' dir='ltr'><strong>ut</strong></span> <span class='ocrx_word' id='word_1_95' title='bbox 894 2523 967 2603; x_wconf 73' lang='lat' dir='ltr'><strong>dixi,</strong></span> <span class='ocrx_word' id='word_1_96' title='bbox 1000 2526 1056 2591; x_wconf 85' lang='lat' dir='ltr'><strong>scd</strong></span> <span class='ocrx_word' id='word_1_97' title='bbox 1077 2508 1367 2609; x_wconf 67' lang='lat' dir='ltr'><strong>&#39;‘Xpncrolovltoe</strong></span> 
     </span>
     <span class='ocr_line' id='line_1_14' title="bbox 177 2612 1367 2713; baseline 0.002 -27"><span class='ocrx_word' id='word_1_98' title='bbox 177 2612 351 2707; x_wconf 80' lang='grc' dir='ltr'><strong><em>Παξυξα,”</em></strong></span> <span class='ocrx_word' id='word_1_99' title='bbox 375 2634 411 2686; x_wconf 89' lang='lat' dir='ltr'><strong>ut</strong></span> <span class='ocrx_word' id='word_1_100' title='bbox 440 2618 533 2687; x_wconf 85' lang='lat' dir='ltr'><strong>hodie</strong></span> <span class='ocrx_word' id='word_1_101' title='bbox 566 2644 584 2686; x_wconf 87' lang='lat' dir='ltr'><strong>e</strong></span> <span class='ocrx_word' id='word_1_102' title='bbox 611 2620 688 2686; x_wconf 88' lang='lat' dir='ltr'><strong>meis</strong></span> <span class='ocrx_word' id='word_1_103' title='bbox 717 2618 841 2686; x_wconf 84' lang='lat' dir='ltr'><strong>schedia</strong></span> <span class='ocrx_word' id='word_1_104' title='bbox 868 2634 964 2708; x_wconf 82' lang='lat' dir='ltr'><strong>patet.</strong></span> <span class='ocrx_word' id='word_1_105' title='bbox 1017 2620 1089 2690; x_wconf 83' lang='lat' dir='ltr'><strong>Nec</strong></span> <span class='ocrx_word' id='word_1_106' title='bbox 1115 2620 1183 2691; x_wconf 86' lang='lat' dir='ltr'><strong>scio</strong></span> <span class='ocrx_word' id='word_1_107' title='bbox 1206 2624 1367 2713; x_wconf 88' lang='lat' dir='ltr'><strong>quomodo</strong></span> 
     </span>
     <span class='ocr_line' id='line_1_15' title="bbox 175 2719 653 2806; baseline -0.01 -18"><span class='ocrx_word' id='word_1_108' title='bbox 175 2731 294 2788; x_wconf 83' lang='lat' dir='ltr'><strong>tanturn</strong></span> <span class='ocrx_word' id='word_1_109' title='bbox 319 2743 379 2806; x_wconf 74' lang='lat' dir='ltr'><strong>ego</strong></span> <span class='ocrx_word' id='word_1_110' title='bbox 404 2723 559 2806; x_wconf 83' lang='lat' dir='ltr'><strong>deceptus</strong></span> <span class='ocrx_word' id='word_1_111' title='bbox 584 2719 653 2789; x_wconf 87' lang='lat' dir='ltr'><strong>sim.</strong></span> 
     </span>
    </p>

    <p class='ocr_par' dir='ltr' id='par_1_6' title="bbox 247 2809 1365 2916">
     <span class='ocr_line' id='line_1_16' title="bbox 247 2809 1365 2916; baseline -0.002 -28"><span class='ocrx_word' id='word_1_112' title='bbox 247 2818 285 2888; x_wconf 91' lang='grc' dir='ltr'><strong>Ρ.</strong></span> <span class='ocrx_word' id='word_1_113' title='bbox 301 2821 354 2886; x_wconf 81' lang='grc'><strong>46.</strong></span> <span class='ocrx_word' id='word_1_114' title='bbox 398 2815 482 2889; x_wconf 80' lang='lat' dir='ltr'><strong>cun</strong></span> <span class='ocrx_word' id='word_1_115' title='bbox 499 2843 654 2909; x_wconf 75' lang='lat' dir='ltr'><strong>rsnmpor</strong></span> <span class='ocrx_word' id='word_1_116' title='bbox 670 2839 852 2903; x_wconf 77' lang='lat' dir='ltr'><strong>comparata</strong></span> <span class='ocrx_word' id='word_1_117' title='bbox 873 2822 920 2888; x_wconf 83' lang='lat' dir='ltr'><strong>sas</strong></span> <span class='ocrx_word' id='word_1_118' title='bbox 948 2833 997 2892; x_wconf 86' lang='lat' dir='ltr'><strong>est</strong></span> <span class='ocrx_word' id='word_1_119' title='bbox 1018 2811 1055 2886; x_wconf 77' lang='grc' dir='ltr'><strong>ἑν</strong></span> <span class='ocrx_word' id='word_1_120' title='bbox 1069 2812 1206 2916; x_wconf 73' lang='lat' dir='ltr'><strong>rprru&#39;pp</strong></span> <span class='ocrx_word' id='word_1_121' title='bbox 1225 2809 1365 2912; x_wconf 69' lang='grc' dir='ltr'>ἔχεσθαι</span> 
     </span>
    </p>
   </div>
   <div class='ocr_carea' id='block_1_5' title="bbox 60 2915 846 3020">
    <p class='ocr_par' dir='ltr' id='par_1_7' title="bbox 60 2915 846 3020">
     <span class='ocr_line' id='line_1_17' title="bbox 60 2915 846 3020; baseline 0.001 -41"><span class='ocrx_word' id='word_1_122' title='bbox 60 3010 67 3020; x_wconf 18' lang='lat'><strong>⁸</strong></span> <span class='ocrx_word' id='word_1_123' title='bbox 172 2915 205 2979; x_wconf 89' lang='lat' dir='ltr'><strong>in</strong></span> <span class='ocrx_word' id='word_1_124' title='bbox 221 2915 372 2981; x_wconf 85' lang='lat' dir='ltr'><strong>Teiorum</strong></span> <span class='ocrx_word' id='word_1_125' title='bbox 389 2915 462 2980; x_wconf 88' lang='lat' dir='ltr'><strong>diris</strong></span> <span class='ocrx_word' id='word_1_126' title='bbox 480 2917 563 3002; x_wconf 85' lang='lat' dir='ltr'><strong>apud</strong></span> <span class='ocrx_word' id='word_1_127' title='bbox 576 2915 730 2982; x_wconf 84' lang='lat' dir='ltr'><strong>Chislrull.</strong></span> <span class='ocrx_word' id='word_1_128' title='bbox 749 2922 846 3000; x_wconf 86' lang='lat' dir='ltr'><strong>p.98.</strong></span> 
     </span>
    </p>
   </div>
   <div class='ocr_carea' id='block_1_6' title="bbox 172 3011 1366 4670">
    <p class='ocr_par' dir='ltr' id='par_1_8' title="bbox 172 3011 1366 4083">
     <span class='ocr_line' id='line_1_18' title="bbox 249 3011 1363 3110; baseline 0 -32"><span class='ocrx_word' id='word_1_129' title='bbox 249 3014 288 3082; x_wconf 88' lang='lat' dir='ltr'><strong>P.</strong></span> <span class='ocrx_word' id='word_1_130' title='bbox 300 3023 354 3088; x_wconf 84' lang='grc'><strong>49.</strong></span> <span class='ocrx_word' id='word_1_131' title='bbox 407 3015 574 3106; x_wconf 83' lang='lat' dir='ltr'><strong>Inscriptio</strong></span> <span class='ocrx_word' id='word_1_132' title='bbox 592 3013 740 3084; x_wconf 78' lang='lat' dir='ltr'><strong>Deliaca.</strong></span> <span class='ocrx_word' id='word_1_133' title='bbox 784 3011 968 3086; x_wconf 69' lang='lat' dir='ltr'><strong>wolckerus</strong></span> <span class='ocrx_word' id='word_1_134' title='bbox 988 3019 1078 3110; x_wconf 70' lang='lat' dir='ltr'><strong>cnjus</strong></span> <span class='ocrx_word' id='word_1_135' title='bbox 1093 3013 1172 3084; x_wconf 90' lang='lat' dir='ltr'><strong>liber</strong></span> <span class='ocrx_word' id='word_1_136' title='bbox 1188 3011 1363 3100; x_wconf 74' lang='lat' dir='ltr'><strong>(Epigram.</strong></span> 
     </span>
     <span class='ocr_line' id='line_1_19' title="bbox 174 3110 1364 3200; baseline 0.001 -24"><span class='ocrx_word' id='word_1_137' title='bbox 174 3110 318 3180; x_wconf 79' lang='lat' dir='ltr'><strong>Graecor.</strong></span> <span class='ocrx_word' id='word_1_138' title='bbox 347 3110 891 3200; x_wconf 77' lang='lat' dir='ltr'><strong>spicil.A1t.Bonn.taas.)n0n</strong></span> <span class='ocrx_word' id='word_1_139' title='bbox 917 3112 975 3178; x_wconf 87' lang='lat' dir='ltr'><strong>nisi</strong></span> <span class='ocrx_word' id='word_1_140' title='bbox 1009 3127 1083 3198; x_wconf 85' lang='lat' dir='ltr'><strong>post</strong></span> <span class='ocrx_word' id='word_1_141' title='bbox 1110 3114 1189 3184; x_wconf 82' lang='lat' dir='ltr'><strong>banc</strong></span> <span class='ocrx_word' id='word_1_142' title='bbox 1217 3111 1364 3198; x_wconf 75' lang='lat' dir='ltr'><strong>paginam</strong></span> 
     </span>
     <span class='ocr_line' id='line_1_20' title="bbox 172 3207 1364 3293; baseline 0.002 -21"><span class='ocrx_word' id='word_1_143' title='bbox 172 3208 357 3293; x_wconf 84' lang='lat' dir='ltr'><strong>impressam</strong></span> <span class='ocrx_word' id='word_1_144' title='bbox 375 3213 414 3274; x_wconf 89' lang='lat' dir='ltr'><strong>ad</strong></span> <span class='ocrx_word' id='word_1_145' title='bbox 431 3233 482 3274; x_wconf 87' lang='lat' dir='ltr'><strong>me</strong></span> <span class='ocrx_word' id='word_1_146' title='bbox 499 3209 610 3278; x_wconf 84' lang='lat' dir='ltr'><strong>allatus</strong></span> <span class='ocrx_word' id='word_1_147' title='bbox 627 3220 676 3276; x_wconf 82' lang='lat' dir='ltr'><strong>cst</strong></span> <span class='ocrx_word' id='word_1_148' title='bbox 690 3210 758 3275; x_wconf 78' lang='lat' dir='ltr'><strong>liaec</strong></span> <span class='ocrx_word' id='word_1_149' title='bbox 775 3208 870 3278; x_wconf 75' lang='lat' dir='ltr'><strong>haber</strong></span> <span class='ocrx_word' id='word_1_150' title='bbox 887 3211 927 3278; x_wconf 88' lang='lat' dir='ltr'><strong>de</strong></span> <span class='ocrx_word' id='word_1_151' title='bbox 946 3209 1045 3278; x_wconf 82' lang='lat' dir='ltr'><strong>lusor.</strong></span> <span class='ocrx_word' id='word_1_152' title='bbox 1063 3207 1209 3282; x_wconf 86' lang='lat' dir='ltr'><strong>Deliaca.</strong></span> <span class='ocrx_word' id='word_1_153' title='bbox 1261 3209 1301 3276; x_wconf 90' lang='grc' dir='ltr'><strong>Ρ.</strong></span> <span class='ocrx_word' id='word_1_154' title='bbox 1315 3221 1364 3284; x_wconf 84' lang='grc' dir='ltr'><strong>ΙΙ.</strong></span> 
     </span>
     <span class='ocr_line' id='line_1_21' title="bbox 175 3303 1363 3392; baseline -0.001 -20"><span class='ocrx_word' id='word_1_155' title='bbox 175 3307 350 3380; x_wconf 87' lang='lat' dir='ltr'><strong>Quomodo</strong></span> <span class='ocrx_word' id='word_1_156' title='bbox 381 3306 443 3390; x_wconf 79' lang='lat' dir='ltr'><strong>legi</strong></span> <span class='ocrx_word' id='word_1_157' title='bbox 471 3309 585 3371; x_wconf 82' lang='lat' dir='ltr'><strong>debeat</strong></span> <span class='ocrx_word' id='word_1_158' title='bbox 612 3304 787 3392; x_wconf 76' lang='lat' dir='ltr'><strong>inscriptio,</strong></span> <span class='ocrx_word' id='word_1_159' title='bbox 807 3303 961 3378; x_wconf 85' lang='lat' dir='ltr'><strong>incertum</strong></span> <span class='ocrx_word' id='word_1_160' title='bbox 992 3331 1061 3374; x_wconf 85' lang='lat' dir='ltr'><strong>esse</strong></span> <span class='ocrx_word' id='word_1_161' title='bbox 1090 3306 1206 3372; x_wconf 77' lang='lat' dir='ltr'><strong>statuit.</strong></span> <span class='ocrx_word' id='word_1_162' title='bbox 1259 3307 1296 3372; x_wconf 91' lang='lat' dir='ltr'><strong>P.</strong></span> <span class='ocrx_word' id='word_1_163' title='bbox 1315 3317 1363 3374; x_wconf 69' lang='lat'><strong>12.</strong></span> 
     </span>
     <span class='ocr_line' id='line_1_22' title="bbox 173 3402 1366 3495; baseline -0.001 -24"><span class='ocrx_word' id='word_1_164' title='bbox 173 3405 358 3482; x_wconf 78' lang='lat' dir='ltr'><strong>“Quamvis</strong></span> <span class='ocrx_word' id='word_1_165' title='bbox 382 3406 467 3495; x_wconf 87' lang='lat' dir='ltr'><strong>quod</strong></span> <span class='ocrx_word' id='word_1_166' title='bbox 485 3402 650 3470; x_wconf 85' lang='lat' dir='ltr'><strong>Whelerus</strong></span> <span class='ocrx_word' id='word_1_167' title='bbox 671 3404 778 3486; x_wconf 83' lang='lat' dir='ltr'><strong>docet,</strong></span> <span class='ocrx_word' id='word_1_168' title='bbox 801 3428 820 3468; x_wconf 90' lang='lat' dir='ltr'><strong>a</strong></span> <span class='ocrx_word' id='word_1_169' title='bbox 847 3403 1072 3476; x_wconf 83' lang='lat' dir='ltr'><strong>Toumefortio</strong></span> <span class='ocrx_word' id='word_1_170' title='bbox 1092 3407 1175 3476; x_wconf 86' lang='lat' dir='ltr'><strong>haud</strong></span> <span class='ocrx_word' id='word_1_171' title='bbox 1197 3405 1366 3470; x_wconf 87' lang='lat' dir='ltr'><strong>confirma·</strong></span> 
     </span>
     <span class='ocr_line' id='line_1_23' title="bbox 173 3501 1364 3588; baseline 0.003 -21"><span class='ocrx_word' id='word_1_172' title='bbox 173 3515 237 3581; x_wconf 87' lang='lat' dir='ltr'><strong>tur,</strong></span> <span class='ocrx_word' id='word_1_173' title='bbox 259 3526 323 3569; x_wconf 88' lang='lat' dir='ltr'><strong>non</strong></span> <span class='ocrx_word' id='word_1_174' title='bbox 340 3501 471 3568; x_wconf 83' lang='lat' dir='ltr'><strong>dubitari</strong></span> <span class='ocrx_word' id='word_1_175' title='bbox 490 3514 594 3588; x_wconf 88' lang='lat' dir='ltr'><strong>potest</strong></span> <span class='ocrx_word' id='word_1_176' title='bbox 614 3505 772 3567; x_wconf 88' lang='lat' dir='ltr'><strong>colossum</strong></span> <span class='ocrx_word' id='word_1_177' title='bbox 789 3502 932 3568; x_wconf 81' lang='lat' dir='ltr'><strong>aNaxiis</strong></span> <span class='ocrx_word' id='word_1_178' title='bbox 946 3505 1021 3569; x_wconf 90' lang='lat' dir='ltr'><strong>olim</strong></span> <span class='ocrx_word' id='word_1_179' title='bbox 1034 3504 1237 3570; x_wconf 83' lang='lat' dir='ltr'><strong>instauratum</strong></span> <span class='ocrx_word' id='word_1_180' title='bbox 1254 3503 1364 3583; x_wconf 82' lang='lat' dir='ltr'><strong>fuisse,</strong></span> 
     </span>
     <span class='ocr_line' id='line_1_24' title="bbox 173 3599 1366 3694; baseline -0.002 -24"><span class='ocrx_word' id='word_1_181' title='bbox 173 3625 237 3690; x_wconf 84' lang='lat' dir='ltr'><strong>quo</strong></span> <span class='ocrx_word' id='word_1_182' title='bbox 256 3615 398 3692; x_wconf 80' lang='lat' dir='ltr'><strong>ternpore</strong></span> <span class='ocrx_word' id='word_1_183' title='bbox 415 3603 508 3668; x_wconf 83' lang='lat' dir='ltr'><strong>rerba</strong></span> <span class='ocrx_word' id='word_1_184' title='bbox 525 3599 694 3668; x_wconf 83' lang='lat' dir='ltr'><strong>acrioribus</strong></span> <span class='ocrx_word' id='word_1_185' title='bbox 710 3599 806 3668; x_wconf 87' lang='lat' dir='ltr'><strong>literis</strong></span> <span class='ocrx_word' id='word_1_186' title='bbox 823 3600 950 3694; x_wconf 84' lang='lat' dir='ltr'><strong>scripta,</strong></span> <span class='ocrx_word' id='word_1_187' title='bbox 973 3601 1118 3694; x_wconf 80' lang='lat' dir='ltr'><strong>apposita</strong></span> <span class='ocrx_word' id='word_1_188' title='bbox 1133 3625 1201 3667; x_wconf 87' lang='lat' dir='ltr'><strong>esse</strong></span> <span class='ocrx_word' id='word_1_189' title='bbox 1220 3615 1366 3690; x_wconf 90' lang='lat' dir='ltr'><strong>possunt.</strong></span> 
     </span>
     <span class='ocr_line' id='line_1_25' title="bbox 173 3693 1365 3783; baseline 0.001 -19"><span class='ocrx_word' id='word_1_190' title='bbox 173 3700 269 3773; x_wconf 88' lang='lat' dir='ltr'><strong>Quod</strong></span> <span class='ocrx_word' id='word_1_191' title='bbox 288 3693 483 3765; x_wconf 82' lang='lat' dir='ltr'><strong>D&#39;Orvillius</strong></span> <span class='ocrx_word' id='word_1_192' title='bbox 498 3699 558 3764; x_wconf 83' lang='lat' dir='ltr'><strong>lroc</strong></span> <span class='ocrx_word' id='word_1_193' title='bbox 571 3712 639 3763; x_wconf 87' lang='lat' dir='ltr'><strong>tum</strong></span> <span class='ocrx_word' id='word_1_194' title='bbox 655 3700 774 3765; x_wconf 80' lang='lat' dir='ltr'><strong>sactum</strong></span> <span class='ocrx_word' id='word_1_195' title='bbox 790 3723 860 3764; x_wconf 88' lang='lat' dir='ltr'><strong>esse</strong></span> <span class='ocrx_word' id='word_1_196' title='bbox 878 3713 978 3783; x_wconf 78' lang='lat' dir='ltr'><strong>putat,</strong></span> <span class='ocrx_word' id='word_1_197' title='bbox 999 3725 1072 3769; x_wconf 89' lang='lat' dir='ltr'><strong>cum</strong></span> <span class='ocrx_word' id='word_1_198' title='bbox 1091 3699 1201 3766; x_wconf 82' lang='lat' dir='ltr'><strong>Nicias</strong></span> <span class='ocrx_word' id='word_1_199' title='bbox 1214 3699 1365 3765; x_wconf 85' lang='lat' dir='ltr'><strong>theoriam</strong></span> 
     </span>
     <span class='ocr_line' id='line_1_26' title="bbox 172 3795 1364 3885; baseline -0.001 -21"><span class='ocrx_word' id='word_1_200' title='bbox 172 3797 293 3866; x_wconf 87' lang='lat' dir='ltr'><strong>Delum</strong></span> <span class='ocrx_word' id='word_1_201' title='bbox 323 3801 463 3878; x_wconf 81' lang='lat' dir='ltr'><strong>duceret,</strong></span> <span class='ocrx_word' id='word_1_202' title='bbox 489 3810 522 3861; x_wconf 85' lang='lat' dir='ltr'><strong>et</strong></span> <span class='ocrx_word' id='word_1_203' title='bbox 554 3797 691 3885; x_wconf 84' lang='lat' dir='ltr'><strong>palmam</strong></span> <span class='ocrx_word' id='word_1_204' title='bbox 722 3795 889 3877; x_wconf 74' lang='lat' dir='ltr'><strong>dedicaret,</strong></span> <span class='ocrx_word' id='word_1_205' title='bbox 914 3821 1008 3869; x_wconf 83' lang='lat' dir='ltr'><strong>acnsu</strong></span> <span class='ocrx_word' id='word_1_206' title='bbox 1030 3814 1124 3866; x_wconf 88' lang='lat' dir='ltr'><strong>caret.</strong></span> <span class='ocrx_word' id='word_1_207' title='bbox 1178 3798 1364 3864; x_wconf 76' lang='lat' dir='ltr'><strong>Plutarchus</strong></span> 
     </span>
     <span class='ocr_line' id='line_1_27' title="bbox 173 3889 1363 3987; baseline -0.001 -26"><span class='ocrx_word' id='word_1_208' title='bbox 173 3911 297 3985; x_wconf 88' lang='lat' dir='ltr'><strong>tempus</strong></span> <span class='ocrx_word' id='word_1_209' title='bbox 326 3889 447 3966; x_wconf 80' lang='lat' dir='ltr'><strong>tacet.”</strong></span> <span class='ocrx_word' id='word_1_210' title='bbox 499 3895 554 3963; x_wconf 81' lang='lat' dir='ltr'><strong>Dc</strong></span> <span class='ocrx_word' id='word_1_211' title='bbox 585 3893 774 3962; x_wconf 82' lang='lat' dir='ltr'><strong>Monolitlris</strong></span> <span class='ocrx_word' id='word_1_212' title='bbox 801 3899 932 3967; x_wconf 89' lang='lat' dir='ltr'><strong>advocat</strong></span> <span class='ocrx_word' id='word_1_213' title='bbox 959 3913 1069 3987; x_wconf 77' lang='lat' dir='ltr'><strong>praeter</strong></span> <span class='ocrx_word' id='word_1_214' title='bbox 1093 3908 1237 3962; x_wconf 85' lang='lat' dir='ltr'><strong>auctores</strong></span> <span class='ocrx_word' id='word_1_215' title='bbox 1267 3921 1286 3960; x_wconf 79' lang='lat' dir='ltr'><strong>a</strong></span> <span class='ocrx_word' id='word_1_216' title='bbox 1312 3920 1363 3961; x_wconf 86' lang='lat' dir='ltr'><strong>me</strong></span> 
     </span>
     <span class='ocr_line' id='line_1_28' title="bbox 172 3994 953 4083; baseline -0.006 -20"><span class='ocrx_word' id='word_1_217' title='bbox 172 3994 282 4063; x_wconf 87' lang='lat' dir='ltr'><strong>citatos</strong></span> <span class='ocrx_word' id='word_1_218' title='bbox 299 4001 410 4083; x_wconf 56' lang='lat' dir='ltr'><strong>(pss.</strong></span> <span class='ocrx_word' id='word_1_219' title='bbox 428 4008 495 4061; x_wconf 87' lang='lat' dir='ltr'><strong>not.</strong></span> <span class='ocrx_word' id='word_1_220' title='bbox 513 3995 561 4070; x_wconf 74' lang='lat'><strong>2.)</strong></span> <span class='ocrx_word' id='word_1_221' title='bbox 587 3995 692 4063; x_wconf 86' lang='lat' dir='ltr'><strong>Strab.</strong></span> <span class='ocrx_word' id='word_1_222' title='bbox 711 4015 808 4063; x_wconf 71' lang='lat' dir='ltr'><strong>nvn.</strong></span> <span class='ocrx_word' id='word_1_223' title='bbox 831 4020 863 4081; x_wconf 95' lang='lat' dir='ltr'><strong>p.</strong></span> <span class='ocrx_word' id='word_1_224' title='bbox 878 4004 953 4073; x_wconf 82' lang='grc'><strong>807.</strong></span> 
     </span>
    </p>

    <p class='ocr_par' dir='ltr' id='par_1_9' title="bbox 172 4091 1361 4285">
     <span class='ocr_line' id='line_1_29' title="bbox 246 4091 1361 4178; baseline 0.002 -21"><span class='ocrx_word' id='word_1_225' title='bbox 246 4091 399 4160; x_wconf 83' lang='lat' dir='ltr'><strong>Cominus</strong></span> <span class='ocrx_word' id='word_1_226' title='bbox 409 4092 507 4172; x_wconf 91' lang='lat' dir='ltr'><strong>(Not.</strong></span> <span class='ocrx_word' id='word_1_227' title='bbox 525 4093 587 4157; x_wconf 83' lang='lat' dir='ltr'><strong>Gr.</strong></span> <span class='ocrx_word' id='word_1_228' title='bbox 604 4091 730 4176; x_wconf 81' lang='lat' dir='ltr'><strong>Proleg.</strong></span> <span class='ocrx_word' id='word_1_229' title='bbox 743 4093 838 4168; x_wconf 82' lang='lat' dir='ltr'><strong>xvr.)</strong></span> <span class='ocrx_word' id='word_1_230' title='bbox 857 4095 942 4158; x_wconf 87' lang='lat' dir='ltr'><strong>hunc</strong></span> <span class='ocrx_word' id='word_1_231' title='bbox 960 4094 1094 4178; x_wconf 85' lang='lat' dir='ltr'><strong>lapidem</strong></span> <span class='ocrx_word' id='word_1_232' title='bbox 1111 4095 1259 4158; x_wconf 87' lang='lat' dir='ltr'><strong>mendose</strong></span> <span class='ocrx_word' id='word_1_233' title='bbox 1274 4093 1361 4174; x_wconf 82' lang='lat' dir='ltr'><strong>citat,</strong></span> 
     </span>
     <span class='ocr_line' id='line_1_30' title="bbox 172 4189 1255 4285; baseline 0.001 -31"><span class='ocrx_word' id='word_1_234' title='bbox 172 4203 205 4255; x_wconf 85' lang='lat' dir='ltr'><strong>et</strong></span> <span class='ocrx_word' id='word_1_235' title='bbox 217 4195 303 4278; x_wconf 89' lang='lat' dir='ltr'><strong>quod</strong></span> <span class='ocrx_word' id='word_1_236' title='bbox 315 4192 368 4260; x_wconf 90' lang='lat' dir='ltr'><strong>alii</strong></span> <span class='ocrx_word' id='word_1_237' title='bbox 383 4214 493 4263; x_wconf 82' lang='lat' dir='ltr'><strong>omncs</strong></span> <span class='ocrx_word' id='word_1_238' title='bbox 511 4214 570 4278; x_wconf 89' lang='lat' dir='ltr'><strong>pro</strong></span> <span class='ocrx_word' id='word_1_239' title='bbox 588 4191 670 4259; x_wconf 78' lang='grc' dir='ltr'><strong>ΕΜΙ</strong></span> <span class='ocrx_word' id='word_1_240' title='bbox 687 4198 749 4267; x_wconf 86' lang='lat' dir='ltr'><strong>(ac.</strong></span> <span class='ocrx_word' id='word_1_241' title='bbox 763 4189 853 4285; x_wconf 57' lang='grc' dir='ltr'><strong>ΕΜ),</strong></span> <span class='ocrx_word' id='word_1_242' title='bbox 879 4191 931 4264; x_wconf 86' lang='lat' dir='ltr'><strong>illc</strong></span> <span class='ocrx_word' id='word_1_243' title='bbox 948 4214 1006 4278; x_wconf 91' lang='lat' dir='ltr'><strong>pro</strong></span> <span class='ocrx_word' id='word_1_244' title='bbox 1026 4193 1108 4265; x_wconf 82' lang='grc' dir='ltr'><strong>ΕΙΜ</strong></span> <span class='ocrx_word' id='word_1_245' title='bbox 1129 4189 1255 4277; x_wconf 86' lang='lat' dir='ltr'><strong>accipit.</strong></span> 
     </span>
    </p>

    <p class='ocr_par' dir='ltr' id='par_1_10' title="bbox 172 4281 1361 4478">
     <span class='ocr_line' id='line_1_31' title="bbox 248 4281 1361 4375; baseline 0.004 -21"><span class='ocrx_word' id='word_1_246' title='bbox 248 4290 289 4354; x_wconf 94' lang='lat' dir='ltr'><strong>P.</strong></span> <span class='ocrx_word' id='word_1_247' title='bbox 304 4298 357 4360; x_wconf 84' lang='lat'><strong>57.</strong></span> <span class='ocrx_word' id='word_1_248' title='bbox 409 4289 499 4356; x_wconf 79' lang='lat' dir='ltr'><strong>Baris</strong></span> <span class='ocrx_word' id='word_1_249' title='bbox 534 4300 679 4374; x_wconf 75' lang='lat' dir='ltr'><strong>argentes</strong></span> <span class='ocrx_word' id='word_1_250' title='bbox 706 4281 828 4375; x_wconf 70' lang='grc' dir='ltr'><strong><em>’γύψον</em></strong></span> <span class='ocrx_word' id='word_1_251' title='bbox 857 4281 967 4370; x_wconf 73' lang='grc' dir='ltr'>μεστή</span> <span class='ocrx_word' id='word_1_252' title='bbox 993 4304 1181 4356; x_wconf 84' lang='lat' dir='ltr'><strong>memoratur</strong></span> <span class='ocrx_word' id='word_1_253' title='bbox 1212 4287 1245 4354; x_wconf 88' lang='lat' dir='ltr'><strong>in</strong></span> <span class='ocrx_word' id='word_1_254' title='bbox 1271 4289 1361 4359; x_wconf 88' lang='lat' dir='ltr'><strong>Mus.</strong></span> 
     </span>
     <span class='ocr_line' id='line_1_32' title="bbox 172 4384 695 4478; baseline 0.013 -31"><span class='ocrx_word' id='word_1_255' title='bbox 172 4384 290 4454; x_wconf 87' lang='lat' dir='ltr'><strong>Veron.</strong></span> <span class='ocrx_word' id='word_1_256' title='bbox 306 4397 402 4474; x_wconf 74' lang='lat' dir='ltr'><strong>p.38.</strong></span> <span class='ocrx_word' id='word_1_257' title='bbox 455 4387 577 4458; x_wconf 88' lang='lat' dir='ltr'><strong>Donat.</strong></span> <span class='ocrx_word' id='word_1_258' title='bbox 592 4411 626 4478; x_wconf 89' lang='lat' dir='ltr'><strong>p.</strong></span> <span class='ocrx_word' id='word_1_259' title='bbox 641 4387 695 4462; x_wconf 84' lang='lat'><strong>69.</strong></span> 
     </span>
    </p>

    <p class='ocr_par' dir='ltr' id='par_1_11' title="bbox 174 4480 1364 4670">
     <span class='ocr_line' id='line_1_33' title="bbox 250 4480 1360 4570; baseline 0.004 -22"><span class='ocrx_word' id='word_1_260' title='bbox 250 4484 289 4548; x_wconf 96' lang='grc' dir='ltr'><strong>Ρ.</strong></span> <span class='ocrx_word' id='word_1_261' title='bbox 303 4495 359 4558; x_wconf 79' lang='grc'><strong>93.</strong></span> <span class='ocrx_word' id='word_1_262' title='bbox 415 4480 538 4555; x_wconf 75' lang='grc' dir='ltr'><strong>Καλός.</strong></span> <span class='ocrx_word' id='word_1_263' title='bbox 590 4486 685 4558; x_wconf 78' lang='lat' dir='ltr'><strong>Plura</strong></span> <span class='ocrx_word' id='word_1_264' title='bbox 711 4508 783 4550; x_wconf 84' lang='lat' dir='ltr'><strong>vasa</strong></span> <span class='ocrx_word' id='word_1_265' title='bbox 810 4485 842 4550; x_wconf 89' lang='lat' dir='ltr'><strong>iu</strong></span> <span class='ocrx_word' id='word_1_266' title='bbox 871 4485 1030 4553; x_wconf 87' lang='lat' dir='ltr'><strong>Mazochii</strong></span> <span class='ocrx_word' id='word_1_267' title='bbox 1047 4485 1207 4555; x_wconf 86' lang='lat' dir='ltr'><strong>Addendis</strong></span> <span class='ocrx_word' id='word_1_268' title='bbox 1234 4509 1269 4570; x_wconf 87' lang='lat' dir='ltr'><strong>p.</strong></span> <span class='ocrx_word' id='word_1_269' title='bbox 1285 4495 1360 4554; x_wconf 77' lang='lat'><strong>558.</strong></span> 
     </span>
     <span class='ocr_line' id='line_1_34' title="bbox 174 4582 1364 4670; baseline 0.008 -28"><span class='ocrx_word' id='word_1_270' title='bbox 174 4595 289 4658; x_wconf 84' lang='lat' dir='ltr'><strong>extant,</strong></span> <span class='ocrx_word' id='word_1_271' title='bbox 316 4583 473 4669; x_wconf 86' lang='lat' dir='ltr'><strong>inquibus</strong></span> <span class='ocrx_word' id='word_1_272' title='bbox 489 4586 556 4650; x_wconf 82' lang='lat' dir='ltr'><strong>haec</strong></span> <span class='ocrx_word' id='word_1_273' title='bbox 571 4609 631 4650; x_wconf 88' lang='lat' dir='ltr'><strong>vox</strong></span> <span class='ocrx_word' id='word_1_274' title='bbox 646 4582 793 4648; x_wconf 87' lang='lat' dir='ltr'><strong>occurrit.</strong></span> <span class='ocrx_word' id='word_1_275' title='bbox 848 4583 914 4668; x_wconf 54' lang='lat' dir='ltr'><strong>Sed⁴</strong></span> <span class='ocrx_word' id='word_1_276' title='bbox 927 4589 1030 4650; x_wconf 84' lang='lat' dir='ltr'><strong>multae</strong></span> <span class='ocrx_word' id='word_1_277' title='bbox 1044 4585 1110 4654; x_wconf 81' lang='lat' dir='ltr'><strong>aliae</strong></span> <span class='ocrx_word' id='word_1_278' title='bbox 1129 4583 1364 4670; x_wconf 82' lang='lat' dir='ltr'><strong>Explicatioues</strong></span> 
     </span>
    </p>
   </div>
   <div class='ocr_carea' id='block_1_7' title="bbox 730 4695 798 4760">
    <p class='ocr_par' dir='ltr' id='par_1_12' title="bbox 730 4695 798 4760">
     <span class='ocr_line' id='line_1_35' title="bbox 730 4695 798 4760; baseline 0.015 -1"><span class='ocrx_word' id='word_1_279' title='bbox 730 4695 798 4760; x_wconf 85' lang='lat' dir='ltr'><strong>8H</strong></span> 
     </span>
    </p>
   </div>
   <div class='ocr_carea' id='block_1_8' title="bbox 0 0 1630 5350">
    <p class='ocr_par' dir='ltr' id='par_1_13' title="bbox 0 0 1630 5350">
     <span class='ocr_line' id='line_1_36' title="bbox 0 0 1630 5350; baseline 0 1"><span class='ocrx_word' id='word_1_280' title='bbox 0 0 1630 5350; x_wconf 95' lang='lat' dir='ltr'><strong> </strong></span> 
     </span>
    </p>
   </div>
  </div>
 </body>
</html>
