3250 5350
141 482 269 547 lnscn.
294 476 407 557 v111.]
713 486 783 563 189

141 654 400 752 (“praecipuus
422 662 476 726 est
500 652 694 750 Zophorus
712 664 827 731 totum
850 655 1014 734 ambiens
1034 680 1057 729 s
1076 678 1164 730 saxo
1185 656 1333 733 Elaus.”

142 784 219 877 Μ.)
248 786 306 857 cui
341 784 545 883 infiguntur
574 785 840 883 imagunculae;
882 796 958 861 “et
980 786 1056 883 jam
1088 790 1235 885 ponitur
1266 796 1334 875 (sc.

142 917 157 957 ⁸
186 939 342 990 marmor
359 915 499 1010 Eleus.)
518 940 626 1013 supra
647 916 811 1015 epistylia
829 916 966 996 illarum
988 921 1236 997 columnarum
1253 946 1337 1021 quoe

141 1045 320 1121 maiarum
336 1045 466 1143 parieti
486 1046 704 1143 Cecropium
721 1056 884 1121 vorsus.'’
937 1048 1111 1131 Wilkins.

220 1184 273 1256 lv
317 1183 577 1259 Columnarum
611 1208 632 1259 c
673 1185 840 1281 paristc¹
885 1188 1086 1262 extantium
1122 1187 1335 1282 (“uondum

143 1313 398 1389 collocatarum
414 1318 434 1349 ”
464 1314 539 1411 Μ.)
575 1316 672 1388 haud
704 1318 792 1390 secti
822 1327 919 1402 sunt,
946 1340 1118 1395 morsura
1153 1344 1285 1393 exorso
1314 1344 1339 1393 a

143 1447 301 1522 Voluta²
319 1474 402 1547 puoe
418 1452 513 1523 intus
531 1460 596 1537 est,
616 1450 839 1551 singularum
861 1461 934 1525 tres
950 1454 1061 1548 pedes
1074 1452 1257 1527 dimidiati.

221 1580 402 1680 Epistylii,
419 1583 520 1681 longi
538 1606 608 1655 vur
624 1583 707 1677 ped.
725 1606 834 1679 super
850 1582 1024 1679 parictem
1043 1582 1184 1657 Notum
1201 1602 1337 1671 versus,

143 1801 215 1843 voce
230 1780 410 1851 ἐπιστατῶν,
431 1798 516 1855 quum
535 1800 585 1854 pro
600 1778 717 1837 ἐπιστυ-
765 1779 884 1837 tentiam
899 1788 1025 1837 mutasse
1038 1800 1084 1837 rue
1101 1788 1206 1841 monet.
1247 1780 1337 1839 Punc-

144 1882 212 1937 λίαν
225 1881 345 1954 positum
361 1883 441 1951 putat
454 1874 617 1933 Wilkiusius
632 1876 718 1933 advo-
767 1888 828 1935 tum
842 1884 906 1952 post
918 1876 1113 1957 Πανδροσείον
1125 1876 1221 1955 doleri,
1236 1887 1340 1953 etpost

145 1994 214 2033 cans
222 1972 432 2048 inscriptionem
443 1970 516 2045 apud
526 1970 718 2029 Chandlsrum
768 1969 894 2045 κειμένων
904 1972 969 2046 poni
974 1972 1066 2046 jubet,
1079 1973 1198 2030 itautea
1206 1990 1263 2030 nox
1273 1990 1338 2029 cum

144 2072 272 2149 (Proleg.
296 2090 326 2146 p.
341 2074 461 2144 xvrrr.)
482 2067 527 2125 ubi
548 2070 718 2127 ὑποστατδν
767 2068 988 2143 praecedentibus
997 2070 1143 2145 jungatur,
1160 2079 1188 2126 et
1201 2088 1282 2127 sensu
1295 2068 1337 2126 in·

147 2186 200 2242 pro
224 2168 283 2224 basi
308 2164 429 2241 ponitur,
464 2164 535 2222 unde
557 2163 719 2221 ἐπιστατόν
767 2162 884 2221 sistendi
910 2164 1073 2239 accipiatur.
1126 2165 1273 2223 Columnas²
1297 2185 1339 2224 sc.

147 2264 286 2321 contrario
313 2279 396 2319 sensu
419 2258 492 2317 sumi
513 2278 594 2335 posse
615 2266 718 2329 censet,
768 2258 867 2333 parieti
891 2259 1024 2317 insistunt
1049 2260 1146 2317 eodem
1174 2261 1258 2319 modo
1283 2280 1339 2337 qno

147 2360 258 2420 nullum
291 2366 385 2419 autem
412 2358 572 2432 exemplum
606 2356 718 2432 proscrt.
770 2353 936 2429 Caryatidas
950 2354 1054 2429 pluteo.
1088 2355 1161 2411 Mox
1169 2374 1278 2413 vocose
1287 2374 1340 2429 po·

148 2459 224 2517 Cum
239 2466 334 2515 nutem
349 2456 431 2513 hodic
449 2454 478 2511 in
496 2454 628 2529 Zophoro
642 2463 719 2513 extet
769 2450 841 2507 riere
864 2450 1016 2507 extantium
1039 2450 1125 2507 deleri
1140 2452 1231 2525 jubet.
1284 2450 1338 2509 Sed

146 2572 276 2611 marmor
296 2550 480 2620 Eleusiniam,
508 2548 593 2622 (quod
613 2566 720 2624 quoquo
770 2563 872 2605 novam
899 2564 958 2603 rem
982 2565 1000 2602 a
1019 2565 1095 2603 nova
1120 2546 1194 2603 linea
1219 2548 1340 2604 exordiri

143 2652 225 2712 docet
256 2650 378 2710 lentius
409 2648 532 2726 Topogr.
563 2647 668 2705 Athen.
690 2666 718 2722 p.
771 2644 863 2714 credo,
877 2643 1031 2720 ubicunque
1047 2642 1155 2701 numeri
1176 2643 1211 2700 sd
1228 2642 1339 2702 initium

146 2743 228 2821 264)
251 2746 338 2804 alium
359 2745 497 2820 quendam
522 2762 635 2802 sensum
654 2743 719 2800 huic
771 2743 853 2801 lineae
867 2750 1024 2800 occurrunt
1057 2741 1144 2798 Linea
1157 2735 1208 2806 67.
1222 2742 1340 2801 divorsae

144 2841 210 2900 voci
238 2839 321 2898 tribui
354 2838 465 2914 nequire
491 2837 567 2894 idem
597 2837 640 2894 vir
666 2835 719 2896 cel.
745 2827 757 2848 “
772 2849 814 2908 est
827 2839 936 2898 fnrinae.
979 2838 1030 2896 Nil
1040 2857 1107 2914 ergo
1120 2839 1239 2899 mutavi.

146 2934 256 2994 statuit„
288 2933 351 2992 Nec
366 2933 446 2992 aliter
465 2931 612 2991 Miillcrus.
648 2933 723 2990 Con·
809 2935 996 3008 ''Andr'pron
1030 2935 1200 3012 Hesychius.
1225 2935 1341 3016 γραμμή

139 3029 264 3108 jecturis
299 3027 393 3086 nullus
428 3027 506 3088 locus
540 3036 600 3096 est;
641 3027 723 3085 alitor
771 3029 970 3099 vrctnrxonln‘r
983 3032 1012 3086 lv
1025 3037 1086 3087 rote
1099 3034 1183 3090 κίοσι.
1224 3027 1341 3101 Helicas

145 3145 214 3184 cum
251 3123 389 3183 Elmslsio
422 3125 546 3200 primam
578 3126 721 3184 sennntiae
748 3135 855 3188 ,vocat
877 3125 1024 3184 Vitruvius
1039 3125 1092 3184 lV.
1109 3135 1134 3184 1.
1153 3135 1197 3186 12.
1226 3123 1273 3182 ubi
1292 3125 1341 3184 Jo-

145 3234 259 3300 partsm
280 3223 489 3294 constituerem,
512 3231 540 3280 ct
562 3231 657 3298 postea
675 3221 722 3282 ἐπι
771 3223 877 3280 condus
890 3223 943 3278 hoc
965 3239 1066 3277 nomen
1084 3219 1185 3276 volutis
1206 3220 1339 3277 tributum

144 3319 329 3396 injiciendum
342 3327 408 3380 auto
419 3315 722 3394 vdorrdoooputarem.
770 3318 881 3374 docsts
895 3303 1031 3390 capreolis
1046 3313 1145 3370 vitium
1159 3332 1228 3390 quas
1246 3313 1341 3372 Graeci

146 3415 237 3472 Haud
253 3431 316 3470 raro
332 3413 408 3472 enirn
424 3431 523 3470 vorem
540 3432 602 3490 quae
619 3413 723 3488 plurios
769 3410 876 3474 ἕλικαςΙ
899 3417 1011 3468 vocant.
1045 3407 1158 3501 ‘Aliter
1199 3408 1361 3476 Miillerus

145 3512 174 3572 in
188 3511 290 3568 cadem
304 3511 443 3568 sententis
455 3511 583 3580 occurrit,
600 3508 722 3584 sculptor
773 3503 956 3577 ιιἈινθέμιον,
976 3523 1122 3580 eucarpus.
1164 3505 1234 3580 Ejus
1251 3506 1343 3582 scalp-

147 3605 266 3664 omittit.
309 3605 474 3663 Notandum
495 3605 603 3662 videtur
620 3623 722 3681 genera
771 3602 926 3676 turaplane
937 3601 1019 3658 refert
1031 3598 1161 3680 γραμμήν
1175 3627 1237 3659 τινα
1251 3605 1341 3662 ἑλικο-

146 3717 212 3758 essc
238 3705 387 3756 structuras
414 3707 476 3756 tum
504 3699 576 3774 apud
605 3699 721 3757 Graecos
772 3699 840 3768 ειδῆ.
882 3699 926 3755 De
940 3696 1106 3755 volotsnoli
1120 3699 1259 3774 cogitare;
1280 3719 1342 3776 quae

145 3809 211 3856 tum
238 3797 313 3871 apud
347 3795 490 3854 Romanos
522 3815 583 3874 qnae
618 3794 721 3854 frontes
772 3797 847 3853 enirn
866 3794 939 3852 intsr
960 3804 1110 3868 quaternos
1129 3791 1240 3852 volutas
1259 3797 1345 3862 ostri

146 3901 262 3948 tantum
275 3889 516 3964 politnshabuerc.
552 3889 721 3950 Cl.Vitruv.
771 3888 868 3952 ἐντός)
890 3890 923 3948 ld
936 3890 1093 3950 monstravi
1105 3891 1134 3947 in
1144 3889 1216 3948 Tab.
1232 3907 1341 3948 xxrrr.

151 3985 194 4044 11,
212 3991 239 4042 8.
776 3995 802 4046 1.
814 4005 842 4043 a.
861 3985 1008 4045 columnas
1028 3996 1123 4044 autem
1144 4005 1213 4061 quss
1230 3985 1260 4040 in
1278 4001 1343 4056 pro·

189 4081 198 4114 ¹
220 4081 372 4138 Marmora
394 4099 409 4137 e
430 4080 528 4156 quibos
548 4081 649 4140 harum
668 4083 722 4140 1V.
774 4083 849 4161 stylo
858 4103 919 4142 msc
929 4084 1048 4143 arbitror
1056 4080 1123 4142 ibid.
1132 4083 1175 4140 b.’'
1196 4079 1343 4142 Willrinsio

145 4175 346 4234 columnarum
366 4173 489 4250 capitula
510 4176 660 4250 finguntur,
677 4197 725 4252 ps·
774 4177 802 4237 in
815 4177 902 4235 literis
916 4176 1008 4236 MSS.
1024 4184 1044 4211 ‘⁴
1054 4176 1095 4255 Eo
1106 4195 1134 4232 τ·
1146 4193 1169 4230 c·
1179 4191 1209 4228 o·
1226 4172 1342 4232 Forsan.

145 4270 235 4343 rietis,
249 4272 280 4328 in
294 4291 348 4347 quo
361 4271 495 4346 imposita
508 4271 646 4343 videntur,
661 4291 725 4347 par·
775 4271 922 4348 (Mensura
937 4273 1046 4346 exorso)
1064 4270 1098 4325 ab
1118 4263 1247 4324 interiori
1260 4276 1343 4343 porte

143 4373 206 4424 tcm
235 4366 367 4427 efficiunt.
408 4366 501 4424 Mirus
530 4377 622 4426 nutem
652 4365 721 4424 mihi
777 4363 912 4423 Volntoe.''

143 4463 316 4522 videturhic
330 4483 396 4522 usus
410 4463 488 4522 verbi
502 4471 601 4532 κεῖμαι.
642 4464 675 4520 Ρ.
691 4463 721 4523 S.
812 4467 900 4524 ’τοῦ
912 4469 1012 4524 dovor.
1055 4461 1139 4520 Nunc
1154 4463 1342 4522 masculinnm

145 4557 317 4618 Wilkinsius
340 4577 457 4636 quoque,
484 4559 513 4614 in
534 4557 620 4616 literis
642 4557 721 4616 MSS
774 4578 847 4620 nunc
868 4560 1043 4618 foemininum
1066 4578 1150 4632 genus
1170 4559 1235 4616 huic
1256 4558 1343 4615 verbo

144 4655 232 4717 hodio
253 4653 334 4731 (Kal.
352 4657 440 4732 Aug.)
459 4655 590 4732 acceptis,
612 4673 641 4714 ss
661 4673 722 4714 sen·
773 4655 914 4726 tribuiton
952 4651 1000 4713 Cl.
1013 4651 1134 4712 Psusnn.
1147 4655 1185 4713 V.
1200 4661 1249 4715 20.
