3250 5350
428 1055 579 1136 Gmss.
607 1055 646 1136 1.
700 1051 853 1136 Inscn.
881 1051 1013 1138 VIII.
1091 1159 1096 1170 Ι

565 1325 658 1382 ΤΑΒ.
675 1324 728 1382 IV.
766 1325 839 1382 Fre.
854 1323 876 1380 I.

647 1553 794 1590 -0—

131 1761 233 1828 Inedit.
280 1761 334 1830 Cf.
364 1762 489 1829 Clarae.
513 1761 719 1848 Description
746 1764 801 1826 des
820 1761 972 1848 Antiques
997 1761 1039 1826 du
1066 1761 1181 1830 Muses
1200 1765 1312 1850 Roysi.

172 1901 203 1962 p.
214 1885 290 1942 241.
307 1879 372 1956 (ed.
387 1879 498 1951 1820.)
515 1875 655 1941 Dubois.
693 1875 866 1962 catalogue
876 1875 1086 1963 d'Antiquiiss
1101 1881 1140 1942 de
1152 1879 1205 1944 M.
1218 1880 1315 1948 Choi-

173 1991 239 2056 seul
256 1991 416 2060 Gouffier.
435 2016 470 2076 p.
484 2001 536 2057 38.

195 2163 395 2253 Mnemon
415 2203 438 2252 e
462 2203 538 2276 qno
554 2181 633 2252 brec
658 2179 771 2253 verbe
793 2182 977 2278 exscripsi,
996 2181 1033 2256 in
1055 2185 1173 2258 insule
1190 2185 1316 2262 Semo-

129 2315 246 2386 thraee
275 2311 425 2407 triginta
454 2309 589 2384 abhinc
613 2309 718 2382 annis
747 2333 771 2380 e
799 2309 1011 2384 Choiseulio
1035 2325 1216 2410 repertum
1248 2327 1315 2404 est,

130 2445 186 2517 red
218 2441 361 2516 Gnntae
399 2439 533 2513 dudum
564 2438 742 2523 relietum,
781 2463 803 2510 n
851 2439 1039 2525 Duboisio,
1070 2465 1168 2515 enno
1207 2442 1316 2532 1⁸16,

130 2574 278 2650 Gelliam
312 2575 499 2650 devectum
536 2585 601 2648 est.
654 2575 774 2648 Hodie
807 2573 845 2646 in
882 2575 1016 2650 Museo
1051 2575 1170 2677 Regio
1205 2587 1314 2652 extet.

130 2706 168 2779 Is
188 2733 233 2783 eo
250 2706 477 2805 effinguntur
492 2708 758 2804 Agamemnon,
777 2704 998 2804 Talthybius
1026 2717 1074 2793 et,
1100 2714 1140 2779 nt
1162 2706 1315 2795 videtur,

128 2832 255 2931 Epens,
287 2833 432 2906 nomine
449 2834 584 2930 cuique
602 2834 781 2930 imposito.
817 2834 920 2930 Opus
945 2834 1096 2932 simplex
1117 2846 1226 2909 estet
1251 2837 1315 2909 nd·

129 2967 264 3038 modum
283 2973 473 3037 vetustum.
527 2964 674 3062 Figura
691 2988 736 3037 ex
753 2988 799 3039 eo
815 2986 956 3062 genere
970 2975 1054 3038 sunt
1070 2988 1151 3062 quae
1168 2966 1205 3037 in
1223 2966 1316 3038 vasis

128 3094 345 3191 perantiquis
363 3094 473 3191 vulgo
489 3093 771 3189 conspiciuntur.
817 3093 1015 3166 Duboisius
1033 3105 1071 3167 et
1090 3094 1185 3192 (ejus
1201 3096 1314 3167 verbe

126 3222 196 3299 iere
210 3221 435 3314 exscribens)
453 3222 585 3296 Comes
599 3223 645 3295 de
662 3222 791 3295 Clarae
808 3222 844 3293 in
864 3214 1148 3318 Agamemnonis
1166 3221 1313 3294 nomine

126 3359 357 3425 ssoeenrrere
374 3352 523 3437 dicunt;
560 3349 646 3423 mihi
663 3360 798 3437 eutem,
825 3358 866 3421 ut
883 3360 921 3421 et
938 3349 1015 3421 viro
1038 3346 1311 3445 pempicessinro

125 3480 276 3556 Themis
304 3480 425 3555 Smsrt
451 3480 617 3579 Hughes,
644 3488 676 3553 Ο
702 3482 740 3552 in
769 3504 814 3553 eo
840 3481 922 3553 loco
949 3478 1087 3578 liquide
1110 3488 1233 3552 extare
1258 3478 1310 3553 vi·

125 3610 231 3686 detur.
