3250 5350
123 495 126 500 ’
254 501 312 572 xvi
686 525 1031 576 nnouuuouuur.

251 682 347 753 Audi
371 683 481 766 enim,
510 683 555 756 L.
573 683 630 767 B.,
658 682 862 756 Boethium
888 685 1027 756 meum¹
1054 682 1228 778 proeclare
1253 683 1452 756 debuere

251 813 507 908 disputantem.
539 821 563 851 “
575 813 832 910 Pervulgota,”
852 815 984 910 inquit,
1001 821 1024 856 “
1036 816 1132 909 apud
1151 814 1290 908 eosqui
1309 816 1451 888 Graecae

253 942 441 1038 scripturae
481 946 684 1042 originibus
723 956 759 1016 et
801 947 1006 1042 progressui
1049 945 1335 1042 pervestigandis
1369 945 1451 1017 dili-

253 1075 457 1172 gentiorem
490 1101 634 1172 operam
668 1088 857 1160 naverunt,
888 1076 947 1147 ills
972 1087 1027 1148 est
1053 1077 1186 1172 opinio,
1215 1076 1346 1148 literati
1373 1101 1450 1149 mo-

255 1209 418 1278 numenti
445 1232 559 1303 prope
587 1209 870 1304 uniuscujusque
898 1219 1040 1280 retutem
1066 1229 1112 1278 ex
1134 1209 1308 1279 ductuum
1334 1210 1451 1279 forma

254 1350 291 1410 et
317 1339 498 1412 scribendi
530 1341 668 1411 ratione
693 1341 807 1434 probe
832 1341 981 1437 cognita
1003 1363 1110 1434 posse
1133 1324 1304 1433 perspici.
1358 1340 1453 1429 Quae

255 1470 398 1565 quidem
430 1469 612 1542 sententia
638 1469 705 1540 etsi
738 1493 810 1540 non
839 1470 946 1564 plane
972 1468 1170 1565 rejicienda
1194 1479 1258 1556 est,
1283 1479 1404 1541 tumen
1422 1470 1452 1539 si

253 1619 276 1664 a
310 1595 464 1688 publicis
501 1595 777 1666 Atheniensium
820 1595 975 1666 decretis
1015 1595 1209 1666 recesseris
1247 1595 1286 1666 in
1319 1594 1452 1689 quibus

254 1734 355 1795 certa
388 1725 552 1819 quaedam
585 1724 773 1818 scripturae
808 1724 900 1795 ratio
935 1723 1074 1794 sancita
1105 1735 1172 1808 est,
1204 1732 1305 1794 tanta
1332 1723 1369 1794 in
1397 1723 1453 1794 his

255 1857 363 1929 rebus
390 1855 600 1951 judicandis
629 1857 798 1928 cautione
831 1879 924 1949 opus
954 1865 1010 1924 est
1040 1864 1082 1924 ut
1110 1879 1233 1926 eorum
1268 1854 1453 1948 praecipue
1518 1859 1523 1866 ’

253 1989 388 2071 levitas,
419 1986 480 2082 qui
509 1987 761 2058 obliterarum
797 1988 930 2058 formas
965 1984 1085 2079 paullo
1115 1984 1369 2057 insolentiores
1396 1983 1453 2055 vel

190 2130 194 2136 '
258 2117 343 2189 huic
359 2126 468 2212 atque
495 2116 546 2186 illi
569 2118 665 2188 aetsti
693 2119 821 2202 minus,
845 2127 884 2186 ut
901 2114 1088 2210 putabant,
1110 2116 1379 2199 convenientes,
1407 2115 1455 2186 de

256 2245 408 2318 veritate
435 2256 750 2320 monumentorum
781 2245 1008 2333 dubitarunt,
1026 2245 1145 2342 gravi
1173 2245 1455 2340 reprehensione

257 2377 370 2475 dignu
396 2378 576 2451 videatur:
619 2377 708 2450 Non
739 2378 856 2449 solum
889 2377 986 2449 enim
1018 2378 1146 2449 eodem
1173 2379 1271 2471 opud
1304 2378 1455 2451 Graecos

258 2519 420 2604 tempore
452 2509 489 2580 in
529 2507 608 2579 aliis
644 2506 848 2579 civitatibus
888 2507 958 2578 elia
997 2507 1236 2578 obtinuerunt
1269 2507 1452 2580 scribendi

257 2659 394 2733 genera
428 2639 491 2709 sed
531 2638 637 2710 etiam
674 2637 898 2735 singulorum
934 2636 1229 2732 privatorumque
1267 2637 1452 2710 hominum

258 2769 328 2841 alii
344 2771 431 2840 elius
453 2772 489 2839 in
515 2770 582 2841 hac
606 2794 647 2841 re
670 2792 813 2839 normas
837 2767 951 2839 secuti
976 2778 1072 2853 sunt,
1096 2769 1374 2865 antiquitusque
1391 2795 1454 2844 eos

258 2899 442 2970 literarum
473 2900 602 2971 ductus
631 2898 762 2994 quibus
793 2897 1014 2968 recentiores
1041 2906 1167 2969 aetutes
1193 2898 1231 2968 in
1262 2921 1338 2969 uno
1364 2901 1456 2975 alte-

259 3050 376 3124 roque
409 3038 726 3099 monumentorum
767 3050 906 3123 genere
943 3027 1167 3123 potissimum
1204 3043 1453 3122 ussueverunt,

258 3178 334 3227 non
364 3155 509 3254 ignotos
539 3154 649 3227 luisse
678 3165 830 3241 constat,
862 3166 972 3252 utque
1000 3156 1153 3228 invicem
1187 3156 1318 3252 quibus
1345 3162 1457 3257 prisci

258 3282 385 3355 Graeci
403 3266 457 3355 usi
478 3295 591 3372 erunt,
610 3284 635 3355 ii
659 3308 704 3355 ne
727 3285 987 3379 posterioribus
1014 3287 1158 3379 quidem
1181 3287 1321 3361 saeeulis
1346 3292 1456 3386 plane

258 3424 346 3485 sunt
370 3413 584 3486 oblitereti.''

336 3540 422 3615 dnm
446 3565 563 3637 pauca
589 3544 633 3613 de
657 3543 809 3639 singulis
837 3543 948 3615 literis
973 3546 1202 3639 disputanda,
1224 3560 1262 3620 et
1282 3546 1455 3647 imprimis

261 3676 307 3746 de
341 3672 459 3770 longis
488 3674 584 3768 quod
618 3672 719 3743 aiunt
750 3675 944 3763 vocalibus,
979 3700 1130 3773 quarum
1162 3702 1246 3752 usus
1279 3706 1352 3755 non
1385 3686 1458 3762 nisi

262 3803 415 3879 Euclide
450 3804 635 3875 Archonte
669 3803 831 3875 Athenas
871 3807 1042 3878 advectus
1072 3808 1182 3907 vulgo
1223 3812 1367 3896 dicitur,
1404 3815 1455 3888 itu

260 3946 301 4008 nt
327 3934 349 4020 η’
372 3942 448 4018 μετ’
477 3930 662 4019 Ἐυκλείδην
690 3934 940 4031 Ὑραμματικήξ
975 3962 1040 4032 pro
1066 3940 1191 4013 seriori
1220 3941 1280 4016 illo
1313 3956 1350 4017 et
1372 3970 1456 4042 per-

259 4066 403 4141 fectiori
430 4064 612 4136 scribendi
642 4088 781 4160 genere
808 4078 1013 4161 usurpetur.
1067 4069 1140 4144 Sed
1168 4073 1266 4145 hunc
1295 4100 1454 4151 errorem

306 4330 315 4361 ¹
340 4325 834 4389 Bsckh.1nd.Lect.Hibern.Univ.
886 4333 985 4391 Corsiu
1008 4334 1038 4389 in
1066 4334 1174 4395 Euclid.
1194 4336 1312 4400 Meum.
1342 4342 1455 4399 Fortun.

265 4418 566 4478 Berol.Auct.1821.
885 4426 992 4483 Athen.
1014 4445 1041 4499 p.
1061 4431 1149 4489 1723.

301 4512 312 4595 ‚¹
334 4510 409 4573 Plut.
425 4510 453 4568 in
469 4512 585 4575 Aristid.
599 4514 682 4571 Tom.
691 4514 714 4572 Ι.
731 4520 833 4587 p.3l9‚
