3250 5350
836 460 879 524 rs
1261 415 1408 540 [emsa.
1431 457 1462 522 1.

419 723 422 730 Ι
495 638 759 721 (--·*·-queru
783 649 829 714 tu,
854 633 937 715 Dea,
959 648 1099 720 temporo
1121 621 1262 701 inomni

417 751 574 822 Omnibus
596 765 738 819 ornatum
760 751 883 818 voluisti
904 754 1057 818 excellere
1079 753 1184 828 rebus)

267 876 432 972 exempla
479 875 693 960 Graecorum
743 876 926 950 nominum
974 862 1014 948 in
1058 905 1174 972 sapor
1217 859 1462 950 desinentium

202 987 221 1025 ³
265 1011 395 1086 desint.
448 1011 531 1108 Ego
555 1033 686 1084 nomen
720 1010 904 1106 proprium
931 1020 969 1084 et
994 1009 1144 1084 verbum
1176 1012 1237 1098 εἰμι
1270 1007 1309 1080 iu
1343 1006 1462 1103 prima

264 1143 360 1219 linea
381 1143 465 1218 olim
488 1142 648 1225 extitisse
669 1141 862 1239 aliquando
886 1141 1140 1240 cogitaveram,
1164 1138 1215 1214 ita
1239 1151 1281 1214 ut
1302 1137 1462 1235 (AEolico

265 1275 483 1353 morelitera
503 1307 526 1371 p
547 1299 615 1371 pro
637 1309 652 1352 s
674 1273 823 1370 scripta)
850 1274 1043 1348 secundam
1067 1273 1199 1346 lineam
1223 1271 1273 1345 ita
1298 1271 1459 1371 legerem

531 1428 621 1517 slatp
648 1423 773 1515 (Παῖσ)
798 1422 817 1494 ὁ
843 1427 905 1494 τοῦ
931 1420 1196 1518 Marwaspdrovs

264 1581 303 1645 et
334 1571 386 1644 ita
419 1569 567 1670 conjicit
601 1568 815 1667 Youngius‚
844 1567 907 1650 sed
937 1567 1082 1640 obstare
1111 1567 1253 1642 uidetur
1284 1563 1459 1639 articulus

264 1701 413 1774 minimo
445 1709 545 1772 certe
591 1720 658 1777 suo
690 1697 770 1770 loco
808 1708 958 1794 positus,
1011 1696 1176 1793 quamvis
1214 1695 1458 1792 proculdubio

263 1834 343 1907 haec
373 1839 582 1928 pervetusta
622 1831 668 1901 ad
704 1829 947 1903 recentiorum
989 1851 1139 1901 normas
1164 1851 1334 1902 revocare
1370 1826 1456 1900 ridi·

262 1957 382 2030 culum
417 1965 525 2033 esset.
576 1953 773 2053 Knightius
805 1980 830 2027 a
868 1955 1020 2028 Bockhii
1055 1956 1218 2052 partibus
1254 1966 1325 2028 stat
1356 1957 1456 2053 quod

261 2089 411 2162 verbum
436 2094 610 2184 Kopemm
626 2087 773 2173 attinet;
803 2087 1001 2160 notandum
1027 2099 1148 2161 autern
1177 2095 1315 2188 Koupron
1340 2087 1455 2160 fuisse

261 2217 458 2318 oppidum¹
504 2219 731 2309 Acarnania,
770 2221 875 2318 eujus
916 2223 1097 2318 quondam
1140 2222 1330 2318 peninsula
1375 2231 1455 2296 erat

259 2351 415 2426 meas.
470 2351 557 2426 Jam
588 2362 715 2447 quarta
741 2351 837 2425 linea
867 2361 974 2426 noete
1005 2352 1081 2450 ipsa
1108 2353 1310 2426 obscurior.
1358 2353 1452 2426 Cum

257 2492 367 2565 osa
404 2493 532 2578 (ΟΚΑ)
569 2482 656 2558 satis
692 2482 831 2580 liquido
873 2480 926 2555 ibi
964 2481 1118 2580 legatur,
1159 2481 1355 2584 Knightius
1396 2484 1454 2558 vel

257 2639 429 2686 arcessam
459 2611 541 2705 (pro
569 2609 680 2687 attico
708 2609 768 2684 illo
801 2609 979 2708 εξηνηοχα)
1015 2609 1070 2685 vel
1105 2609 1243 2709 aliquid
1275 2611 1455 2711 ejusmodi

256 2740 467 2837 legendum,
492 2750 530 2815 et
552 2750 680 2835 postea
705 2750 880 2821 9ΑΡΕΙΝ
910 2764 1043 2817 nomen
1064 2740 1188 2817 forsan
1212 2743 1347 2839 templo
1374 2766 1455 2819 esse

138 2962 146 2971 1
255 2882 369 2969 putat.
421 2872 523 2947 lllem
563 2872 629 2946 viri
665 2872 862 2947 doctissimi
896 2873 1141 2972 conjecturam
1179 2874 1255 2953 ueri
1288 2873 1452 2963 similem,

256 3006 352 3079 hanc
393 3016 513 3079 autem
534 3014 689 3107 ‚sermm
727 3030 808 3079 esse
842 3013 941 3102 puto.
1005 3006 1204 3106 Youngius
1238 3018 1454 3085 cunctanter

218 3196 221 3200 ›
255 3174 378 3215 κατοκα
411 3177 509 3242 χαριν
546 3144 648 3242 legit,
684 3152 722 3217 et
762 3166 830 3239 pro
869 3176 1034 3243 κατευχης
1073 3144 1179 3240 (voli)
1217 3145 1273 3218 vel
1305 3178 1452 3244 κατοχης

255 3272 529 3369 (possessionis)
565 3270 687 3372 χαριν’
713 3274 869 3373 positum
904 3296 984 3349 esse
1020 3274 1177 3377 conjicit.
1235 3276 1450 3350 Notandum

255 3404 405 3476 formam
434 3402 721 3476 accusativorutn
750 3436 876 3503 χαρειν,
901 3438 1142 3492 ομοονοματειν,
1166 3415 1294 3494 noluero,
1322 3416 1474 3481 conlm·

253 3561 378 3610 omnes
405 3537 547 3614 Graecae
572 3537 709 3635 linguae
733 3536 832 3637 leges
858 3536 1029 3610 stabilitas
1055 3560 1219 3635 peecare.

313 3668 435 3771 ¹Quod
468 3670 648 3764 duplicem
685 3665 844 3741 vocalem
880 3666 918 3740 in
958 3666 1107 3741 vocibus
1145 3701 1378 3757 ομοονοματειν
1411 3680 1450 3743 et

252 3803 413 3899 narsepor
430 3783 569 3887 attinet,
594 3797 674 3871 fuse
701 3797 737 3869 in
765 3794 987 3871 Proefatione
1008 3798 1053 3870 de
1076 3822 1120 3871 ea
1145 3823 1186 3872 re
1214 3799 1286 3899 egi.
1340 3800 1449 3901 Quod

253 3934 284 4007 si
307 3935 377 4007 hoc
398 3933 478 4006 lieri
494 3955 600 4028 posse
622 3932 874 4018 concedamus,
895 3928 985 4005 nihil
1006 3941 1072 4019 est,
1098 3941 1273 4027 quantum
1291 3933 1448 4021 rideam,

254 4066 350 4161 quod
392 4058 565 4161 impediat
608 4084 681 4157 quo
719 4057 838 4132 minus
878 4092 1022 4173 pmnpor
1059 4082 1081 4130 a
1122 4090 1231 4158 μητηρ
1264 4082 1371 4156 aeque
1403 4082 1451 4131 ac

168 4267 172 4274 ,
252 4226 436 4293 μνηπηρος
454 4217 477 4265 a
496 4223 644 4288 μνηστηρ
669 4190 821 4265 derivari
839 4188 959 4287 possit.
1009 4187 1118 4279 Quod
1143 4190 1446 4264 constructionem

292 4482 417 4541 ²Strab.
432 4484 472 4542 X.
485 4502 514 4557 p.
528 4486 599 4539 451.
616 4485 653 4539 Λ.
877 4478 972 4555 Apoll.
1001 4478 1091 4557 Dysc.
1116 4480 1182 4541 MS.
1210 4480 1285 4555 apud
1305 4460 1446 4541 uastas

289 4581 305 4609 ²
326 4582 372 4639 De
401 4581 455 4638 hoc
485 4599 535 4638 usu
565 4578 640 4637 verbi
670 4600 755 4658 χαριν
785 4575 823 4633 cl.
875 4576 964 4653 Greg.
986 4595 1014 4651 p.
1029 4581 1079 4637 ³2.
1099 4576 1143 4638 ed.
1158 4574 1261 4635 Schael.
