3250 5350
507 1100 657 1212 Gutus.
686 1097 750 1180 Π.
804 1097 957 1198 quen,
985 1097 1160 1197 XVIII:

467 1351 582 1425 VAS
633 1344 1202 1423 AGRIGENTINUM.

656 1570 747 1646 unu.
771 1570 840 1628 xu.
884 1570 956 1627 ne.
979 1569 1054 1649 r..

689 1858 693 1867 .
762 1793 911 1836 —4-

315 1991 543 2083 Vunuonum
585 2009 621 2081 in
658 2011 728 2080 hoc
765 2031 849 2080 vase
891 2003 1142 2101 inscriptorum
1184 2003 1435 2102 apographum

240 2141 454 2215 humanitati
482 2142 613 2215 summi
641 2141 709 2236 viri
738 2141 785 2236 R.
804 2139 847 2213 P.
872 2138 1013 2236 Knight
1045 2137 1162 2210 debeo
1191 2137 1254 2235 qui
1280 2137 1326 2209 de
1356 2139 1438 2233 ipso

238 2296 323 2348 vase
353 2272 392 2345 iu
429 2247 643 2345 doctissimis
678 2271 716 2344 in
751 2270 950 2349 Homerum
986 2266 1079 2350 notis
1117 2270 1195 2341 hrec
1229 2267 1437 2365 disputarit.

240 2403 344 2476 “Vir
379 2402 627 2491 amicissimus,
669 2415 740 2488 tam
778 2401 921 2504 ingenii
965 2400 1150 2500 elegantia
1186 2422 1294 2498 quam
1334 2404 1438 2474 uaria

238 2534 442 2624 eruditione
470 2534 634 2634 insignis,
670 2531 872 2612 Gulielmus
901 2532 1056 2604 Stewert
1087 2530 1198 2616 Rose,
1229 2554 1292 2602 ves
1322 2528 1438 2602 fictile

159 2681 164 2688 ·
238 2664 386 2763 pictum,
421 2639 574 2764 quode
608 2665 731 2760 Sicilie
765 2673 1019 2761 reportaverat,
1059 2661 1144 2735 mihi
1177 2660 1438 2736 humanissime

239 2800 349 2886 dedit,
372 2799 409 2871 iu
434 2821 507 2894 quo
526 2800 696 2895 scriptum
719 2798 853 2887 inveni,
880 2798 992 2871 literis
1011 2796 1144 2870 Ionicis
1163 2796 1437 2893 nntiquissimis,

239 2937 633 3023 ΙΣΟΤΣΟΤΟΣΑΕΣς
678 2934 774 3029 quod
818 2956 916 3007 more
957 2928 1130 3029 loquendi
1173 2939 1210 3006 et
1250 2929 1437 3004 scribendi

238 3057 453 3145 recentiore,
502 3066 672 3156 ΣῼΖΟΥ
704 3067 806 3139 ΤΟΥ
841 3068 974 3135 ΣΑΗΣ
1008 3060 1230 3131 reddendum
1266 3058 1433 3153 videtum

238 3216 321 3265 nam
340 3214 471 3264 nomen
496 3191 555 3265 vix
570 3191 675 3293 ‚eiiud
699 3216 777 3266 esse
794 3203 913 3290 potest
929 3217 1036 3291 quam
1060 3195 1157 3293 quod
1178 3194 1216 3266 in
1241 3192 1435 3281 Simonidis

238 3322 348 3420 Epig.
374 3324 585 3396 uxx111.'ed.
611 3324 694 3399 Jec.
713 3349 810 3399 nunc
829 3304 962 3425 legitur
982 3334 1175 3422 2121023
1197 3335 1307 3423 etque
1330 3326 1436 3416 solitu

237 3452 438 3526 uariatione
470 3479 553 3552 quae
582 3456 620 3529 in
656 3456 923 3556 Smyrnaeorum
959 3457 1114 3539 nummis
1145 3458 1334 3533 observate
1366 3469 1432 3547 est,

237 3582 306 3655 ulia
348 3585 440 3659 forte
474 3590 625 3663 dialecto
657 3598 825 3691 ΣΩΖΟξ
859 3590 1065 3688 legebatur.
1118 3590 1322 3679 Vesculum,
1364 3591 1434 3665 etsi

238 3715 277 3787 iu
303 3740 394 3815 egro
420 3721 664 3819 Agrigentino
692 3733 876 3818 repertum
903 3731 972 3811 est,
1002 3722 1039 3795 iu
1065 3722 1170 3797 Ionia
1196 3720 1320 3818 Lyciae
1345 3744 1434 3795 cou-

238 3846 392 3919 termino
416 3848 549 3925 factum
578 3876 656 3927 esse
677 3854 834 3939 ostendit
860 3864 935 3925 tum
960 3853 1132 3929 dialectus
1153 3865 1227 3971 tum
1252 3862 1434 3950 metrony·

239 3973 370 4063 micum
384 3974 433 4049 ¹.”
513 4041 518 4051 .

678 4124 686 4154 ¹
708 4126 753 4185 Cf.
769 4126 874 4187 Herod.
889 4128 913 4187 1.
931 4135 997 4195 173.
