3250 5350
863 465 906 520 12
1131 442 1139 458 ’
1281 447 1429 547 [Cures.
1452 456 1481 520 1.

289 641 396 696 seusu
426 643 502 715 quo
536 621 759 696 Mcittsin'us
790 631 865 698 Ρεῶ.
919 621 1116 701 Donesio¹
1150 623 1308 700 “nullus
1336 624 1482 702 videtur

289 777 369 828 esso
396 754 585 831 dubitandi
613 755 713 828 locus
744 756 835 853 quin
869 757 906 830 in
940 757 1051 833 verbo
1083 752 1206 843 neseio
1233 788 1297 829 ινεν
1327 775 1481 830 vacuum

288 886 442 980 spotiurn
492 889 610 963 minus
660 898 758 963 recte
806 889 1021 973 colloretum
1066 911 1183 984 ecquo
1229 885 1327 964 enim
1377 884 1482 957 iitern

289 1016 448 1113 suppleri
462 1017 621 1113 poterit?
657 1027 801 1114 oportet
821 1029 942 1094 autern
959 1014 1163 1099 μελεδαὶνιν
1186 1017 1284 1112 quod
1308 1016 1362 1090 sic
1384 1003 1483 1088 com·

167 1161 174 1166 “
287 1147 460 1242 piendum
494 1158 550 1221 est
579 1145 812 1232 ncnsdatmsl’
863 1147 1053 1243 Toupius²
1087 1148 1178 1246 legit
1208 1142 1396 1232 μελιδσὶνσν
1427 1141 1484 1220 riso

289 1273 381 1372 (ide)
399 1303 479 1352 enm
502 1279 638 1355 scilicet
660 1282 844 1377 antiquom
864 1281 1016 1352 formem
1042 1289 1188 1376 putans,
1214 1301 1237 1350 n
1259 1301 1333 1372 quo
1356 1287 1483 1371 portes

290 1383 408 1494 dionae
417 1421 534 1484 ortum
552 1421 619 1484 est.
672 1412 758 1485 deor
778 1411 924 1482 undem
942 1420 1022 1505 post
1040 1419 1093 1481 tot
1110 1409 1237 1480 innnes
1252 1407 1483 1502 conjectures

289 1533 514 1612 Porsonunr³
528 1540 728 1613 audiemus.
769 1545 794 1576 “
806 1537 944 1612 Extant
961 1538 1143 1632 inlepide,
1163 1548 1256 1614 teste
1273 1537 1485 1614 Chsudicro

288 1691 326 1762 p.
341 1678 377 1739 ³.
410 1666 562 1764 vestigio
599 1667 713 1740 litcroe
752 1674 791 1740 M
826 1667 911 1738 sotis
946 1665 1150 1740 manifesta.
1219 1663 1332 1762 Legit
1369 1663 1486 1762 igitur

280 1790 538 1890 ,μσλσδαῖνσινμε
563 1792 589 1865 ὦ
617 1801 771 1887 Σιγειεῖς,
799 1795 823 1868 ἱ.
837 1819 868 1866 e.
894 1791 971 1866 “St'
984 1794 1070 1890 quid
1084 1819 1172 1870 vero
1189 1796 1329 1888 patiar,
1354 1807 1485 1872 durate

288 1944 359 2004 me,
388 1920 574 2017 OSs‘gei.’'
614 1923 739 2014 Quare
752 1925 823 1996 hoc
840 1931 1045 2007 tenesmum
1076 1925 1153 2000 Δὲω
1169 1934 1294 2003 nutent
1313 1927 1409 2002 istud
1426 1935 1484 2000 ut-

288 2061 376 2144 pote
389 2052 538 2126 lubricoe
553 2055 637 2126 fidei
654 2056 924 2152 repudiemus.”
969 2055 1170 2130 Μελσδωνεν
1188 2059 1302 2155 (quod
1315 2060 1374 2132 rix
1390 2083 1485 2154 opus

290 2182 403 2277 dictu)
432 2210 499 2280 pro
524 2184 722 2270 μελεδαίνειν
746 2187 907 2282 ponitur,
934 2197 996 2258 sut
1021 2186 1171 2281 simplici
1198 2185 1303 2259 litera
1331 2188 1485 2283 antiquo

289 2344 391 2395 more
416 2320 483 2419 pio
512 2326 741 2424 diphthongo
770 2325 898 2420 positu,
925 2333 989 2395 aut
1014 2324 1042 2395 si
1073 2327 1184 2397 mavis
1206 2324 1355 2397 AEolico
1385 2348 1484 2396 ruore

288 2451 440 2546 scripts3
468 2456 675 2530 underecte
690 2455 835 2528 Koen⁴.
878 2459 901 2492 “
913 2448 1114 2526 Μελεδαίνεν
1127 2453 1163 2523 in
1183 2452 1353 2547 inscript.
1371 2451 1485 2550 Sigen

289 2607 355 2657 cur
379 2586 601 2682 displicuerit
632 2585 678 2658 lt.
697 2582 870 2656 Dunesio
898 2581 1072 2654 rationem
1104 2605 1177 2652 non
1212 2584 1383 2676 exputo.”
1437 2581 1484 2654 ln
1614 2579 1615 2586 ’

287 2716 524 2811 inscriptione
550 2718 845 2815 Hierapytnensi,
871 2740 997 2788 omnes
1024 2712 1195 2786 infinitivi
1222 2718 1351 2807 codem¹
1382 2742 1485 2792 more

290 2844 507 2916 scribuntur.
574 2846 681 2937 Quod
716 2844 930 2916 sententium
968 2842 1036 2915 ioci
1075 2842 1217 2929 attinet,
1257 2844 1368 2943 digna
1397 2871 1486 2942 quae

289 2970 497 3045 conteratur
521 2972 704 3066 inscriptio
726 2974 823 3067 opud
845 2966 1041 3066 Sponiunr⁵
1063 2972 1098 3042 in
1124 2972 1180 3044 Co
1198 2973 1314 3045 insula
1337 2987 1485 3073 reperto

685 3126 747 3192 τοῦ
766 3125 920 3205 μνημείου
942 3121 1065 3191 τούτου

686 3248 707 3330 ἡ
732 3257 890 3343 ’γερουσία
912 3240 1057 3331 κήδεται.

363 3394 512 3491 Dignus
525 3415 672 3489 quoque
689 3392 752 3489 qui
763 3394 958 3465 advocetur
972 3393 1071 3465 iocus
1089 3392 1259 3469 Lirii⁶de
1273 3395 1482 3476 Horatiano

287 3522 490 3619 sepulchro.
544 3530 568 3563 “
583 3522 625 3593 ld
655 3521 763 3593 hodie
787 3545 934 3618 quoque
959 3523 1103 3617 publice
1134 3549 1280 3626 semper
1304 3528 1481 3615 refectum

286 3659 446 3726 manet.''
993 3744 996 3751 Ι

365 3790 630 3863 ΗΑΙΣΟΙῚΟΣ
645 3840 652 3857 .
667 3789 922 3859 ΗΑΔΕΥΦΟΙ.
966 3780 1059 3871 Que
1078 3781 1265 3861 Bentlcius
1282 3786 1482 3883 disputavit

287 3906 537 4003 descriptoris
562 3907 775 4007 ignorantis,
803 3908 906 4007 quasi
930 3908 1008 3981 haec
1026 3910 1136 3982 verbu
1153 3935 1234 3987 cunr
1254 3914 1480 4011 aspiratione

287 4038 484 4134 scripserit,
511 4039 617 4111 ncuci
634 4051 729 4113 sunt.
782 4040 967 4112 Articutus
986 4040 1122 4112 scilicet
1140 4065 1222 4114 curn
1244 4069 1311 4117 sun
1329 4069 1418 4119 voce
1436 4049 1478 4121 in

327 4273 338 4304 ¹
360 4274 474 4333 Dawes.
490 4277 533 4338 M.
549 4279 584 4335 C.
599 4298 626 4352 p.
643 4286 710 4336 190.
909 4302 936 4357 p.
949 4288 1018 4340 481.

331 4368 789 4445 ²Toup.liu1end.inSuid.'l'om.
801 4372 855 4429 ΙΙΙ.
947 4372 958 4405 ⁴
980 4376 1070 4437 Koen.
1087 4378 1121 4434 sd
1136 4380 1224 4461 Greg.
1236 4400 1264 4457 p.
1284 4388 1348 4441 142.
1440 4372 1444 4379 ¹

287 4484 316 4539 p.
330 4458 399 4521 368.
946 4468 958 4501 ⁵
978 4470 1063 4547 Spon.
1079 4474 1202 4535 Miscell.
1218 4496 1246 4555 p.
1257 4482 1326 4543 339.

326 4554 394 4615 ³11.
421 4558 500 4616 Pors.
527 4560 561 4613 ad
587 4560 677 4635 Toup.
704 4561 750 4619 ubi
773 4582 857 4637 suprs
946 4561 1039 4627 ‘Liv.
1055 4570 1078 4627 1.
1095 4576 1144 4633 27.
