3250 5350
836 484 886 544 '4⁴
1249 481 1393 566 [Canu.
1416 479 1464 550 11.

271 655 440 730 doetiorle
454 677 564 754 quarn
583 667 625 730 ut
640 678 723 731 earn
740 659 853 757 digne
866 657 1013 731 laudare
1030 657 1161 754 poerim
1180 658 1223 732 P.
1238 659 1282 734 P.
1300 657 1465 751 Dobmi,

270 786 334 884 qui
363 788 432 860 hoe
461 787 498 860 in
527 789 608 860 loco
641 799 773 884 puncta
809 798 893 885 post
919 798 1059 889 γρρφεα
1090 789 1247 864 delenda
1276 803 1388 889 putat,
1424 806 1465 868 at

268 929 410 1020 ’γραφεα
431 930 469 992 et
485 953 541 994 m
565 919 601 991 in
620 919 714 992 idern
733 920 881 994 verbum
901 921 1115 1009 coalescant,
1139 921 1242 996 etita
1264 935 1465 1025 γραφεαται

268 1074 335 1148 pro
351 1061 578 1151 ’γεγραφαται
596 1062 764 1148 ponatur.
818 1051 903 1126 Nini
925 1063 1047 1126 tamen
1064 1061 1197 1148 praeter
1218 1067 1345 1155 Ὑραφω
1365 1055 1465 1132 aliud

268 1183 417 1256 verbum
437 1193 534 1256 esset
554 1182 661 1278 quale
682 1192 837 1280 γραφεω,
862 1192 1044 1282 Ὑραφαται
1065 1185 1180 1284 magia
1197 1190 1463 1283 expectandam

268 1324 366 1388 earet
378 1313 402 1386 ¹.
449 1311 684 1388 Vincentlua'
700 1315 719 1386 ὁ
735 1347 923 1413 pantaptem,
940 1327 1082 1413 γραφω
1096 1317 1218 1392 forsan
1235 1319 1282 1390 ab
1299 1320 1465 1396 obsoleto

267 1449 444 1526 vocabulo
467 1458 605 1548 γραφω
632 1471 699 1543 pro
722 1458 847 1547 ’γραφη
872 1445 1025 1524 derivari
1050 1473 1158 1548 poene
1182 1452 1344 1546 putavit3
1378 1475 1461 1526 earn

265 1581 306 1652 ia
330 1603 414 1653 vaae
440 1577 541 1651 fictili
571 1577 679 1650 lrodie
705 1587 828 1650 extent
851 1577 971 1664 μόλκος
999 1587 1036 1651 et
1059 1579 1156 1656 άλκος
1189 1601 1258 1676 pro
1283 1582 1400 1668 μόλπη
1426 1593 1465 1666 et

264 1709 365 1798 ἄλκη.
431 1708 517 1784 Nec
559 1718 608 1782 'ea
649 1707 861 1807 conjectura
911 1718 1046 1786 temera
1088 1708 1302 1782 damnanda.
1366 1711 1464 1784 llere

265 1843 413 1942 quidem
432 1841 629 1940 Knightiua
643 1850 779 1938 γραφος
795 1840 886 1913 nihil
904 1839 973 1913 aiei
988 1840 1101 1937 ipsam
1122 1849 1255 1940 Ρητραν
1268 1845 1465 1943 designare

263 1993 373 2069 poene
397 1970 505 2056 dieit3
534 1991 615 2040 curn
640 1979 761 2042 autern
788 1969 922 2042 nullam
949 1994 1095 2064 poenarn
1122 1971 1336 2046 denunciari
1361 1984 1465 2069 putet

264 2105 335 2178 illia
367 2105 430 2202 qui
458 2111 630 2176 tesseram
656 2101 882 2188 violaverint,
915 2104 979 2175 sed
1010 2101 1053 2174 iia
1087 2113 1223 2178 tantum
1255 2103 1318 2198 qui
1343 2105 1464 2180 foedue

255 2235 302 2312 iu
339 2257 385 2306 ea
425 2232 609 2328 seriptum·
643 2232 820 2327 ruperint,
870 2231 939 2304 illie
986 2234 1081 2306 haud
1119 2235 1307 2308 assentior.
1375 2235 1462 2311 Nini

263 2364 360 2439 enirn
383 2365 440 2438 lrie
469 2364 589 2439 verbio
615 2372 762 2438 teeeerae
793 2362 904 2458 ipsius
937 2361 1099 2437 violatori
1125 2387 1238 2458 plena
1263 2363 1461 2452 indicatur,

260 2496 439 2572 inutiliter
459 2519 619 2592 prorsus,
646 2503 687 2566 ut
713 2491 800 2567 mlhi
828 2491 980 2582 videtur,
1006 2516 1088 2592 qua
1113 2495 1215 2590 priua
1240 2493 1337 2568 dieta
1364 2509 1463 2582 eunt,

260 2626 323 2701 hic
351 2635 578 2724 repetuntur.
642 2623 716 2715 Qui
744 2623 840 2697 enirn
871 2621 1019 2699 foederir
1045 2633 1156 2721 paeta-
1182 2624 1380 2715 violaverit,
1406 2625 1462 2702 illi

254 2764 332 2863 jam
357 2774 466 2837 antea
492 2784 605 2858 poena
632 2756 828 2831 constituta
853 2767 940 2829 erat.

337 2892 381 2965 L.
400 2903 436 2963 8.
462 2899 546 2962 Αιτε
570 2896 684 2975 Ferae,
704 2918 781 2959 aere
796 2897 972 2971 redeam·
985 2918 1061 2961 aare
1084 2884 1192 2969 dauon
1236 2884 1343 2973 'Eme
1362 2890 1464 2984 apud

260 3024 461 3099 Homerum
511 3043 659 3119 quoque
702 3015 896 3115 Digamma
942 3018 1135 3090 lrabuieae³
1182 3019 1337 3102 ridetur.
1400 3021 1464 3095 lbi

260 3172 403 3247 semper
445 3157 534 3235 Em
567 3148 696 3221 sodalis
726 3148 816 3219 eet⁴.
869 3148 975 3245 llpud
1008 3147 1288 3247 Thucydidem⁵
1322 3153 1464 3250 simpli·

259 3287 352 3360 riter
387 3284 477 3359 civia
502 3308 582 3358 eane
609 3284 751 3357 videtur
781 3281 945 3381 quamvis
976 3282 1080 3357 aliter
1105 3282 1335 3359 scholiastes.
1386 3296 1468 3368 τοῖς

258 3414 365 3511 druia)
399 3425 471 3497 τοῖς
500 3415 764 3501 πολιτευομένας
793 3415 828 3487 ἑν
853 3420 908 3508 pio
933 3416 1060 3521 ἑκαστῂ
1089 3416 1195 3489 πόλει.
1249 3416 1467 3515 Stephanus

257 3548 338 3621 hoee
373 3547 493 3622 habet.
560 3546 698 3632 “‘Evm
735 3544 864 3622 socius.
900 3546 1049 3619 emicui.
1104 3548 1205 3621 ldern
1242 3548 1321 3622 fere
1357 3555 1466 3647 quod

257 3682 566 3780 'Eraipoalvaipoe
582 3690 703 3755 autam
719 3678 971 3777 συνηθέστερος,
990 3678 1026 3751 id
1044 3688 1109 3767 eet,
1125 3679 1331 3755 familiarior
1346 3680 1468 3757 alicui

258 3822 314 3887 eat
337 3836 445 3911 quam
469 3821 570 3898 Ετης.
621 3810 704 3887 Hoc
726 3808 939 3884 vocabulum
963 3810 1172 3884 Euetathiun
1196 3812 1281 3887 inde
1301 3814 1467 3891 derivari

257 3955 361 4043 putat
385 3946 484 4020 unde
508 3946 643 4044 ἑταῖρος
669 3944 809 4018 scilieet
828 3943 875 4017 ab
901 3940 986 4029 ἔθος,
1008 3954 1049 4016 ut
1069 3946 1176 4019 arnbo
1194 3946 1267 4019 rint
1292 3946 1388 4021 idem
1412 3974 1467 4025 ac

296 4130 373 4189 ¹Cs.
398 4132 519 4205 Gregor.
541 4149 569 4204 p.
591 4134 659 4195 229.
703 4126 829 4203 Etymol.
880 4121 949 4181 268.
995 4122 1466 4199 HeyneinExc.adll.'l¹.384.

257 4225 337 4300 lllag'.
352 4232 421 4300 p.9.
438 4233 485 4294 19-
529 4222 622 4284 Fieeh.
636 4224 671 4280 ad
687 4221 771 4281 Well.
787 4223 827 4282 ll.
880 4218 973 4277 Aliter
1000 4230 1095 4279 tamen
1126 4222 1264 4305 liniphtio
1290 4223 1380 4279 vuum
1408 4228 1467 4301 qui

255 4322 326 4376 408.
879 4317 953 4375 dedit
972 4320 1040 4389 e'rne
1060 4318 1088 4375 in
1110 4317 1191 4379 lliad.
1214 4320 1245 4376 Z.
1266 4325 1335 4386 239.

295 4408 306 4440 ¹
326 4408 411 4483 Apud
423 4406 666 4485 Knight.inEph.
678 4407 770 4464 Claee.
781 4408 829 4463 ubi
917 4414 929 4446 ⁴
950 4413 1031 4473 Iliad.
1055 4416 1087 4474 Z.
1108 4417 1217 4483 239.1.
1239 4415 1310 4475 460.
1325 4417 1362 4475 Π.
1383 4416 1467 4478 456.

255 4522 340 4581 supra
352 4518 379 4565 et
391 4507 465 4569 inira
478 4510 506 4565 in
521 4512 597 4584 App.
612 4507 636 4565 l.
879 4508 949 4575 674.
987 4510 1160 4570 Od.A.16.

294 4602 306 4685 f
327 4602 372 4662 Cf.
396 4600 480 4661 Kidd.
501 4605 536 4660 ad
552 4602 668 4661 Dawes.
693 4600 736 4659 M.
751 4602 784 4658 C.
800 4622 826 4677 p.
920 4603 931 4635 ⁸
951 4606 1084 4683 'l'huryd
1097 4608 1136 4667 V.
1150 4612 1199 4675 79.
