3250 5350
141 474 269 542 Inscr.
294 474 375 553 tlt]
717 482 788 540 301
886 566 890 575 ι

284 857 318 915 r.
371 842 682 916 INSCRIPTIO
716 839 1077 916 ORCHOMENIA
1112 836 1197 908 Vll.

672 1064 807 1112 ...4-

397 1249 520 1312 Bdcklr.
540 1247 584 1310 Τ.
606 1246 630 1310 Ι.
653 1272 683 1331 p.
705 1256 779 1312 321.
824 1248 913 1311 Mus.
937 1244 1010 1309 Cat.
1035 1253 1087 1309 83.

193 1416 411 1487 ἈΛΕΥΑΣι
438 1422 593 1503 Νίκωνος,
618 1410 860 1512 Καφισόδωρον
881 1408 1118 1509 Ἀ’γλαοφίδοο
1138 1408 1290 1505 ἄνδρεσσι

194 1555 427 1647 χοραγίοντει,
456 1550 643 1625 νικάσαντος
669 1549 827 1621 Διωνιίσοι
852 1547 1011 1619 ἀνέθεσαν
1021 1547 1050 1631 ⁹,
1076 1547 1139 1617 Ἀθ

194 1688 286 1756 ανίοο
310 1678 482 1780 ἄρχοντος)
507 1683 677 1757 αὑλίοντος
704 1687 870 1767 Κλεινίου,
897 1677 1044 1753 α’ίδοντος
1071 1678 1148 1775 Kpa'

195 1844 307 1886 thtol'.

44 1982 45 1986 ’
143 1960 243 2033 Haec
286 1960 473 2056 inscriptio
517 1962 703 2033 manifesto
745 1959 998 2033 Orchomeniis
1039 1958 1231 2049 tribuenda
1273 1970 1340 2046 est,

44 2075 45 2080 ί
142 2092 220 2164 sire
254 2091 405 2162 formam
440 2092 514 2164 sive
549 2091 741 2163 dialectum
775 2098 992 2184 spectemus.
1044 2084 1128 2157 Nec
1162 2086 1240 2157 haec
1272 2110 1341 2159 nec

141 2224 356 2316 praecedens
391 2222 593 2293 Charitesia
633 2222 778 2317 quidem
812 2228 962 2316 spectat,
991 2218 1055 2289 sed
1090 2217 1159 2287 hoc
1193 2216 1230 2285 in
1261 2216 1341 2288 loco

142 2352 261 2443 posui,
280 2374 361 2421 cum
383 2352 429 2421 ad
445 2350 610 2421 ludorum
637 2349 914 2420 celebrationem
934 2345 1153 2442 pertineant.
1200 2342 1340 2440 Hujus-

142 2480 244 2549 modi
272 2478 524 2574 inscriptiones
548 2480 632 2551 satis
650 2479 841 2574 explicavit
859 2475 1078 2573 Taylorus³‚
1105 2498 1127 2544 a
1146 2472 1339 2577 Choregis,

142 2622 188 2684 ut
219 2611 346 2685 merita
382 2637 448 2684 sua
481 2610 519 2684 in
553 2636 702 2686 munere
736 2612 907 2684 obeundo
941 2616 1181 2720 ostentarent,
1206 2605 1342 2702 positas
1415 2650 1422 2659 ·

142 2767 228 2815 esse
244 2746 380 2816 docens
391 2772 402 2828 ;
431 2754 468 2815 et
493 2742 648 2814 Isaeum‘
669 2744 848 2815 advocans
873 2741 921 2812 ita
944 2738 1163 2831 loquentem.
1208 2739 1343 2822 μνημεῖα

141 2880 207 2957 τῆς
235 2874 343 2945 αὐτῶν
370 2873 490 2969 ἀρετῆς
515 2872 690 2958 οἷνέθησαν,
717 2878 821 2944 τοῦτο
852 2870 911 2954 μίν
937 2869 971 2939 ἐν
998 2867 1160 2940 Διονιίσου
1186 2859 1344 2963 τρίποδας
1429 2873 1436 2882 ’

139 3003 199 3077 οὓς
216 3012 439 3102 χορηγοῦντες
463 3007 516 3074 καί
541 3010 688 3077 νικῶντες
704 2999 841 3091 ἔλαβον,
867 3001 970 3071 τοῦτο
987 2995 1011 3068 δ’
1026 2999 1061 3070 ἑν
1088 3003 1222 3070 Πυθίου·
1258 2996 1298 3069 Ν
1301 3019 1342 3070 ec

136 3140 251 3212 aliter
277 3139 402 3234 Lysias
412 3140 435 3210 ⁵.
480 3138 562 3211 Ἔτι
586 3136 610 3208 d
630 3138 766 3236 ἅνδρασι
788 3144 947 3234 χορηγῶν
964 3145 1009 3210 οἷς
1034 3137 1192 3208 Διονύσια
1209 3136 1341 3220 ἐνίκησα

135 3271 196 3342 καί
231 3269 386 3353 draitona
422 3271 481 3341 σίν
517 3277 562 3370 τῇ
593 3272 654 3341 τοῦ
692 3263 845 3366 τρίποδος
878 3267 1031 3339 ἀναθέσει
1066 3266 1340 3361 πεντακισχιλίας

53 3463 63 3480 -.
133 3398 307 3496 δραχμάς.
377 3397 600 3494 Hujusmodi
637 3420 815 3468 marmora
860 3395 1014 3467 Athenis
1056 3397 1187 3492 scripta
1231 3395 1340 3467 multa

48 3563 53 3582 =
132 3538 279 3604 extant.
323 3525 448 3598 Unum
470 3525 864 3621 Lebadeaerepertum,
889 3523 947 3594 vix
972 3524 1104 3596 diversi
1121 3523 1339 3620 argumenti,

44 3649 54 3689 ⁵
130 3656 317 3733 dialectos
342 3655 461 3750 gratia
488 3655 662 3730 exscribo.

179 3861 190 3892 ¹
214 3861 293 3916 ldem
313 3879 415 3916 nomen
437 3862 557 3917 occurrit
579 3881 663 3936 supra
688 3864 717 3923 in
771 3861 897 3931 memini,
919 3862 985 3919 alibi
1008 3863 1073 3918 vidi.

130 3964 232 4018 Inscr.
249 3956 287 4015 ll.
302 3955 388 4029 hujus
402 3954 507 4015 classis.
807 3959 819 3989 ³
842 3957 927 4033 Tayl.
942 3960 977 4015 ad
995 3959 1100 4016 Marm.
1113 3958 1219 4018 Sandv.
1234 3979 1262 4034 p.
1277 3957 1327 4028 69.

179 4052 192 4082 ¹
214 4047 361 4108 ἅνέθεταν.
402 4051 465 4106 Νεο
489 4051 562 4106 hanc
586 4051 718 4118 sormam,
808 4053 819 4082 ⁴
843 4054 928 4110 lsaeus
941 4054 974 4110 de
991 4055 1115 4126 Dicaeog.
1131 4053 1232 4113 haered.
1248 4072 1276 4126 p.
1292 4058 1341 4113 55.

130 4166 196 4206 nec
223 4142 303 4201 illam
322 4163 384 4218 quae
404 4144 433 4201 in
454 4153 583 4220 sequente
604 4143 719 4217 inscrip
770 4147 813 4206 ed.
827 4148 928 4221 Steph.
1030 4201 1034 4209 .

134 4246 220 4302 tione
240 4232 320 4297 extat
341 4241 477 4315 (ᾰνέθιαν)
499 4259 560 4313 ego,
582 4249 716 4314 quantum
810 4240 821 4271 ⁸
844 4242 945 4318 Lysias
961 4243 1045 4317 Apol.
1063 4241 1176 4320 Δωροδ.
1191 4261 1218 4316 p.
1233 4249 1303 4309 373.
