3250 5350
263 470 299 542 xl
702 479 1043 533 rnonscouanu.

263 643 367 716 utin
393 639 614 714 transeundo
641 637 827 710 exaltem
855 635 960 708 litera
992 634 1038 705 ed
1065 630 1214 702 alterurn
1238 636 1303 699 aut
1329 627 1457 700 eadem

256 773 337 844 'oris
367 769 555 842 collocatio
599 755 709 862 atque
754 765 994 840 conformatio
1037 769 1213 846 maneret,
1250 769 1315 831 eut
1347 781 1458 852 quarn

189 955 192 959 -
266 903 413 975 minima
432 900 582 972 mutatio
598 898 715 970 fieret.
768 896 933 992 Exempli
954 897 1084 992 gratia,
1111 917 1192 966 cum
1223 899 1254 960 Ν
1276 892 1458 990 lingunlis,

265 1037 364 1134 quod
395 1035 506 1119 aiunt,
545 1033 579 1097 Μ
621 1046 758 1140 autern¹
780 1031 919 1104 labialis
960 1031 1006 1103 sit
1048 1031 1163 1116 litera,
1203 1027 1234 1088 Ν
1268 1028 1313 1098 ad
1348 1027 1458 1098 tlnesn

265 1170 433 1244 dictionis
458 1180 543 1242 ante
573 1168 607 1232 Μ
639 1169 674 1238 in
702 1168 808 1239 initio
836 1165 1021 1260 sequentis
1048 1165 1087 1235 in
1117 1164 1152 1228 Μ
1185 1163 1382 1250 mutabant,
1410 1183 1459 1233 ne

265 1296 404 1369 scilicet
441 1320 535 1368 nova
574 1295 646 1366 oris
679 1285 919 1367 collocatione
952 1316 1043 1386 opus
1076 1303 1181 1364 esset.
1235 1290 1319 1362 Nec
1353 1288 1458 1360 aliam

264 1434 410 1520 propter
438 1445 595 1504 causam,
623 1443 704 1492 curn
740 1430 777 1491 et
804 1419 831 1485 Β
860 1429 897 1491 et
925 1419 960 1483 Μ
992 1418 1141 1490 labiales
1169 1417 1253 1502 sint,
1282 1422 1313 1483 Ν
1338 1427 1459 1488 autern

263 1549 448 1648 lingunlis,
479 1549 508 1611 Ν
542 1557 627 1618 ante
659 1544 686 1610 Β
719 1547 756 1618 in
787 1544 822 1608 Μ
855 1549 1053 1619 mutabant.
1094 1545 1334 1617 Cum-autern
1363 1545 1462 1617 haud

265 1697 406 1769 semper
434 1671 526 1743 effici
568 1682 690 1768 posset
725 1686 763 1744 ut
806 1674 954 1746 nonnisi
997 1676 1079 1746 duoe
1118 1675 1280 1773 ejusdem
1313 1674 1462 1771 generis

265 1803 381 1876 literae
414 1812 684 1887 concurrerent,
721 1802 757 1874 id
798 1777 930 1874 salten'
962 1805 1118 1877 effecere
1151 1815 1192 1877 ut
1227 1805 1310 1877 duee
1352 1822 1461 1897 quant

266 1932 455 2006 simillimas
492 1932 812 2031 conjungerentur.
883 1931 922 2004 Si
961 1942 1001 2022 Γ,
1041 1907 1149 2030 cg,
1187 1941 1273 2005 ante
1308 1932 1340 1995 Λ
1381 1943 1463 2019 stet,

269 2071 354 2140 durn
386 2065 433 2139 ab
466 2064 526 2136 illu
553 2065 599 2137 nd
629 2067 726 2137 hanc
753 2065 939 2160 loquendo
970 2076 1144 2154 transeas,
1175 2069 1272 2140 haud
1302 2067 1376 2140 ullo
1406 2065 1465 2139 vel

270 2204 366 2268 certe
399 2191 546 2265 minimo
577 2193 712 2289 linguae
745 2203 845 2265 motu
877 2218 968 2289 opus
1005 2205 1082 2280 est3
1123 2205 1162 2266 at
1190 2196 1220 2266 si
1254 2198 1281 2262 l<
1314 2206 1401 2268 ante
1433 2203 1464 2266 Λ

271 2322 476 2409 collocetur,
515 2322 622 2418 plane
655 2323 790 2419 maj0ri.
845 2323 946 2421 Ergo
983 2326 1009 2390 l<
1049 2325 1086 2394 in
1140 2324 1380 2397 l'mutabant
1415 2327 1467 2397 ita

272 2460 322 2540 ut,
358 2474 423 2546 pro
448 2451 507 2522 Ἐκ
535 2453 673 2539 λιμένος,
698 2452 767 2544 Ἐγ
794 2452 921 2536 λιμένος
951 2452 1125 2524 dicerent.
1170 2452 1304 2523 Postea
1332 2473 1466 2525 novum

271 2581 451 2654 scribendi
490 2605 624 2654 morem
677 2580 846 2666 intulere,
889 2581 975 2652 huic
1022 2580 1287 2676 pronunciandi
1336 2581 1467 2652 rationi

272 2710 592 2797 accommodatum,
638 2709 741 2804 cujus
779 2708 876 2778 iufra
914 2710 1079 2803 exempla
1113 2710 1278 2805 quaedam
1319 2733 1466 2805 ponam.

274 2837 381 2927 Quod
414 2848 535 2907 tanuen
570 2846 679 2907 antea
709 2858 817 2929 quarn
846 2846 1024 2930 praestem,
1058 2861 1174 2932 pauca
1207 2838 1252 2911 de
1285 2840 1399 2912 litcrae
1432 2850 1465 2912 Ν

274 2963 575 3061 pronunciatione
604 2961 768 3035 dicenda.
820 2960 959 3035 Praeter
985 2963 1170 3059 proprium
1195 2990 1334 3050 sonum,
1358 2965 1471 3040 olium

277 3092 456 3188 quendam
498 3091 582 3161 huic
621 3090 734 3164 literae
773 3090 966 3165 hodiernos
1011 3094 1170 3166 tribuere
1214 3096 1299 3167 satis
1342 3107 1472 3169 notum

276 3230 331 3293 est
375 3243 482 3318 quern
512 3216 693 3293 Nosalem
721 3232 865 3308 vocant,
893 3246 976 3295 eum
1002 3223 1139 3295 scilicet
1163 3224 1227 3320 qui
1255 3226 1293 3296 in
1319 3225 1473 3298 vocibus

278 3348 443 3446 Anglicis
470 3346 649 3443 English,
676 3350 828 3422 Anclsor
852 3352 1031 3423 audiatur.
1084 3352 1250 3425 Eundem
1282 3355 1366 3426 huic
1400 3354 1476 3428 elc-

279 3485 400 3546 mento
433 3477 529 3571 apud
563 3477 712 3549 Latinos
748 3480 945 3576 contigisse
980 3504 1108 3553 sonum
1142 3483 1227 3554 satis
1263 3506 1284 3554 e
1317 3483 1477 3581 Nigidio

280 3605 437 3703 Figulo¹
471 3609 627 3681 ostendit
660 3610 960 3683 Barthelemius'.
1011 3610 1049 3683 Is
1083 3614 1179 3701 enim
1213 3614 1311 3686 hunc
1345 3638 1477 3688 sonum

280 3736 485 3810 luculenter
511 3737 715 3833 descripsit,
746 3740 809 3812 ubi
845 3742 891 3815 de
915 3741 1063 3814 vocibus
1093 3740 1281 3831 Anclrora,
1307 3742 1476 3838 Anguis,
1504 3796 1510 3806 -

283 3867 466 3964 Increpat,
493 3868 684 3963 Ingenuus
711 3870 786 3961 (cui
819 3872 899 3942 voci
929 3870 1050 3942 Latini
1078 3881 1178 3943 recte
1200 3872 1327 3944 durum
1359 3872 1480 3947 literae

283 4006 316 4071 G
337 4021 464 4071 sonum
491 3997 711 4087 tribuerunt)
741 4022 869 4097 agens,
897 3997 1043 4092 (inillis
1072 3999 1234 4091 vocibus)
1260 4000 1312 4071 cit
1340 4001 1480 4071 “haud

284 4150 406 4201 rerum
450 4132 480 4193 Ν
516 4127 578 4199 sed
615 4128 855 4201 adulterinum
891 4131 1051 4225 ponitur,
1089 4154 1172 4202 narn
1209 4145 1239 4207 Ν
1279 4154 1353 4204 non
1385 4153 1478 4216 csse,

463 4389 472 4419 ¹
492 4388 578 4461 Apud
594 4387 659 4446 Aul.
675 4388 939 4449 Gell.x1x.c.14.

466 4478 476 4508 ²
499 4480 591 4542 Mem.
604 4483 638 4543 de
656 4482 729 4543 l'As.
743 4485 791 4543 des
810 4488 899 4545 lnscr.
912 4486 995 4548 Toni.
1012 4502 1141 4548 xnvm.
1155 4508 1182 4561 p.
1193 4495 1264 4557 893.
