3250 5350
714 513 1057 564 PROLEGOHBNA.

573 621 585 636 ’
640 670 988 739 evurnorvo

640 785 886 854 unvxnot
908 785 1001 852 ΚΑΙ

640 896 675 959 Τ
694 893 1009 965 ΙΜΟΚΡΑΤΟΣ

638 1011 1098 1080 ΤΟὲΥΟὲΤΟΑΜΦΗ

641 1126 827 1194 ΝΟΡΟΣ

639 1240 1046 1310 ΘΡΑΣΥΚΛΕΟΣ.

375 1397 435 1468 An
460 1397 529 1466 hoc
549 1404 634 1464 ante
658 1392 847 1466 Euclidem
869 1395 984 1480 fieret,
1014 1397 1145 1475 nescio.
1172 1399 1236 1468 sed
1254 1398 1322 1469 boc
1342 1421 1499 1472 marmor

299 1526 396 1597 haud
425 1526 557 1596 dudum
583 1533 666 1618 post
687 1527 766 1623 ejus
784 1535 945 1619 tempora
968 1539 1152 1598 exaratum
1179 1537 1244 1612 est,
1272 1550 1353 1598 cum
1385 1528 1420 1599 in
1450 1551 1497 1599 eo

299 1657 336 1724 0
351 1657 464 1732 vicem
484 1655 699 1754 diphthongi
713 1660 781 1728 ΟΥ
794 1657 981 1737 sustineat,
1009 1658 1106 1753 quod
1124 1658 1161 1728 in
1183 1679 1360 1750 marmore
1379 1656 1498 1727 Sand-

299 1784 435 1856 vicensi
469 1784 603 1856 Lector
636 1785 908 1856 animadvertet.
968 1785 1140 1882 Ejusdem
1178 1787 1254 1857 lere
1290 1785 1405 1856 aetatis
1444 1795 1500 1853 est

302 1936 457 1984 marmor
483 1913 580 2006 quod
608 1911 825 2012 Hughesius
852 1939 872 1986 e
902 1913 1053 1985 Lusierii
1083 1915 1216 1988 Museo
1242 1912 1444 2007 exscripsit,

688 2071 968 2162 κΛεοΔΗΜᾸο
987 2119 1017 2135 ..
1038 2121 1044 2135 .
1063 2121 1070 2135 .

682 2185 1067 2255 ronerzror...

686 2303 795 2372 oro
816 2303 915 2372 aaz
937 2305 1067 2370 ιο...

719 2419 794 2486 ou
816 2418 930 2486 neo,

373 2569 480 2660 Quod
502 2568 621 2664 operis
651 2568 941 2640 distributionem
966 2579 1084 2685 atque·
1101 2568 1372 2664 inscriptionum
1400 2570 1498 2642 ordi-

300 2724 382 2772 nem
421 2700 562 2785 attinet,
605 2721 833 2794 quaecunque
876 2694 1139 2794 βουστροφηδόν
1169 2697 1389 2782 scribuntur,
1435 2722 1499 2769 eas

300 2829 459 2926 quamvis
478 2828 696 2899 diversarum
714 2824 953 2921 proculdubio
969 2836 1114 2896 aetatum
1135 2826 1356 2897 commodius
1373 2828 1498 2920 putavi
1531 2910 1535 2919 ¹

298 2958 335 3029 io
368 2981 476 3029 unam
511 2956 657 3026 classem
693 2976 757 3049 per
790 2977 830 3024 se
860 2953 1035 3051 relegare.
1091 2953 1258 3026 Secunda
1290 2956 1411 3027 classis
1441 2955 1498 3028 in-

300 3095 513 3191 scriptiones
527 3117 664 3181 omnes,
675 3091 805 3187 quibus
822 3093 937 3163 forma
948 3094 1136 3170 ,literarum
1151 3095 1197 3165 ab
1213 3094 1342 3166 Atticis
1353 3096 1500 3167 diversa

301 3239 368 3316 est,
408 3224 695 3321 comprehendit.
741 3224 873 3297 Atticis
906 3237 1025 3297 autem
1058 3223 1172 3296 literis
1200 3226 1374 3322 inscripta
1400 3250 1500 3297 mar·

300 3383 411 3445 mora,
443 3379 526 3452 quae
560 3356 700 3427 tertiam
733 3356 883 3427 classem
916 3354 1090 3440 efficiunt,
1126 3357 1160 3426 in
1194 3358 1283 3427 duas
1316 3355 1500 3429 sectiones

300 3484 414 3573 divisi,
441 3506 594 3578 quarum
611 3484 650 3555 in
666 3483 778 3555 altera
795 3484 1030 3555 continentur
1047 3484 1312 3578 inscriptiones,
1328 3509 1411 3580 quae
1423 3509 1501 3583 quo

298 3613 376 3685 fere
399 3624 562 3706 tempore
589 3610 720 3705 scripta
743 3609 827 3697 sint,
855 3610 940 3682 satis
964 3620 1106 3704 pateat;
1134 3611 1284 3682 alteram
1314 3636 1375 3683 eas
1394 3636 1497 3684 com·

296 3746 581 3844 prehendentem
617 3744 662 3814 de
697 3766 849 3837 quarum
877 3753 1045 3836 tempore
1074 3741 1162 3812 nibil
1191 3754 1361 3813 accurate
1386 3747 1499 3816 statui

298 3885 427 3974 potest.
475 3875 611 3963 Quarta
629 3872 750 3945 classis
768 3872 1024 3967 inscriptiones
1042 3874 1217 3960 continet,
1244 3898 1339 3969 quae,
1370 3897 1500 3969 quam·

297 4007 350 4081 vis
385 4008 422 4079 in
452 4006 495 4077 iis
527 4003 723 4101 Digamma
753 4013 864 4087 extet,
892 4001 928 4073 in
961 4002 1143 4097 prioribus
1166 4005 1340 4078 classibus
1371 4018 1500 4103 utpote

297 4140 417 4233 paullo
446 4134 588 4209 serioris
614 4135 729 4206 aetatis
760 4134 858 4205 haud
881 4135 1246 4229 comprehenduntur,
1273 4138 1389 4210 omitti
1412 4164 1500 4213 sero

297 4265 336 4336 in
363 4265 512 4361 Sylloge
529 4265 566 4335 in
593 4286 696 4335 usum
720 4261 773 4334 rei
801 4260 1381 4362 Palaeograpbicaestudiosorum
1402 4268 1496 4340 facta

297 4393 419 4490 plane·
440 4404 659 4492 nequeunt·
691 4392 761 4466 Hae
794 4394 873 4468 fere
906 4394 944 4465 in
985 4394 1145 4471 dialectis
1179 4400 1253 4471 vel‘
1271 4402 1404 4473 Dorica
1439 4397 1498 4473 v’el

300 4525 483 4613 Boeoticaf
499 4526 706 4613 scribuntur
738 4550 852 4623 quare
876 4528 911 4599 in
940 4528 1066 4601 eodem
1093 4529 1173 4603 loco
1205 4518 1494 4627 alias'quasdam
