3250 5350
859 483 927 558 146
1255 489 1403 572 [Cassa.
1424 489 1484 554 ΙΙΙ.

299 687 395 737 meas
410 675 512 736 notas
528 665 698 737 chartula
711 666 931 736 commissas.
959 663 1205 736 Schneiderus
1221 685 1296 735 rem
1314 662 1411 732 haud
1423 684 1484 754 pro

299 795 401 865 solita
416 804 453 863 et
468 792 599 864 eximia
618 781 696 892 ejus
715 795 878 864 doctrina
895 795 1056 864 tentavit.
1101 792 1183 890 Ego
1201 805 1301 864 notas
1319 792 1485 888 Anglioas

302 918 488 990 Wilkinsii
511 920 588 991 fere
611 941 751 1012 semper
770 918 901 990 Latine
925 918 1074 1004 reddidi,
1100 942 1255 1012 paucae
1276 916 1486 989 Schneideri

301 1053 337 1123 in
354 1051 556 1124 Vitruvium
575 1051 779 1128 doctissima
796 1052 1041 1136 annotatione,
1061 1073 1175 1145 pauca
1189 1073 1334 1145 quoque
1353 1071 1374 1120 e
1392 1071 1488 1142 penu

303 1201 382 1250 meo
396 1179 530 1263 addidi,
549 1189 585 1248 et
601 1189 727 1272 postea
746 1177 894 1250 Miilleri
914 1189 1016 1274 notas
1032 1178 1169 1272 ubique
1183 1175 1367 1270 exscripsi.

367 1307 447 1378 Jam
465 1307 586 1402 aliqua
607 1310 652 1380 de
673 1320 777 1380 aetate
801 1309 1059 1404 inscriptionis,
1087 1320 1124 1381 et
1140 1311 1186 1381 de
1203 1311 1280 1404 ipso
1296 1308 1432 1402 templo
1447 1309 1492 1379 de

303 1465 376 1538 quo
390 1441 520 1537 agitur,
537 1441 694 1512 breviter
712 1443 911 1513 monendus
924 1453 980 1513 est
996 1441 1139 1514 Lector.
1174 1441 1232 1513 Ex
1248 1443 1325 1537 ipsa
1341 1440 1492 1535 inscrip-

303 1563 413 1659 tione,
441 1553 607 1644 mar'mori
630 1573 792 1645 traditam
812 1597 891 1643 esse
915 1573 1100 1644 Archonte
1120 1571 1249 1644 Diocle
1269 1571 1355 1643 satis
1381 1581 1493 1664 patet.

305 1705 452 1778 Diocles
485 1715 605 1777 autem
642 1706 788 1776 Archon
825 1714 903 1775 erat
931 1729 1029 1774 anno
1065 1704 1091 1799 {-
1124 1703 1268 1800 Olymp.
1304 1727 1397 1775 xcrr.
1443 1729 1494 1776 sc.

303 1862 337 1910 a.
353 1862 384 1909 c.
401 1831 508 1921 409¹.
562 1833 621 1904 De
639 1834 773 1928 templo
797 1834 893 1904 haud
920 1832 1042 1903 omnia
1060 1833 1197 1929 liquida
1219 1843 1331 1927 atque
1356 1843 1498 1924 aperta.

304 1963 547 2039 Erechtheum
575 1962 831 2058 appellabatur,
861 1961 989 2059 judice
1019 1959 1225 2046 Wilkinsio,
1251 1961 1347 2057 quod
1377 1961 1416 2030 in
1452 1987 1501 2034 eo

302 2101 382 2170 loco
406 2121 478 2194 quo
507 2105 654 2168 steterat
686 2095 942 2178 Erechtheum,
970 2103 1007 2164 et
1031 2093 1105 2187 ipse
1129 2091 1355 2163 Erechtheus
1372 2095 1501 2186 sepul·

305 2239 361 2298 tus
396 2237 462 2311 est,
509 2223 760 2296 aedificaretur.
826 2221 1006 2293 Minervae
1051 2219 1190 2290 Poliadi
1230 2232 1268 2290 et
1309 2221 1502 2294 Pandroso

305 2355 478 2449 Cecropis
506 2353 589 2426 hliae
617 2355 785 2439 dicatum,
812 2354 868 2426 vel
899 2354 1018 2449 potius
1043 2376 1124 2424 cum
1152 2353 1332 2424 Minervae
1361 2355 1503 2450 templo

304 2486 549 2557 Pandroseum
581 2485 815 2581 conjunctum
844 2507 923 2554 esse
950 2485 1056 2554 docet
1088 2479 1321 2553 Pausanias².
1367 2484 1505 2554 Archi-

302 2626 437 2687 tectum
470 2612 593 2708 templi
628 2612 738 2684 fuisse
774 2611 971 2682 Philoclem
1010 2610 1116 2681 docet
1146 2609 1335 2705 inscriptio
1361 2625 1504 2699 nostra,

306 2746 408 2840 cujus
431 2764 562 2813 nomen
583 2763 679 2810 nunc
697 2740 849 2832 primum
868 2738 906 2808 in
929 2747 1095 2843 apertum
1111 2739 1287 2833 prolatum
1306 2750 1361 2811 est
1378 2727 1505 2813 studio

306 2866 504 2939 Wilkinsii.
918 2966 925 2971 .
1169 2964 1173 2967 ῃ

368 2998 512 3069 Partem
524 2994 731 3067 orientalem
744 2994 936 3081 Minervae,
950 2997 1207 3069 occidentalem
1221 3022 1307 3071 vero
1320 3001 1508 3075 Pandrosi

305 3125 475 3220 templum
513 3123 624 3196 fuisse
663 3123 878 3196 Wilkinsius
920 3134 957 3196 et
995 3124 1152 3196 Leakius
1192 3127 1362 3198 docent³.
1429 3133 1512 3204 Alii

306 3256 436 3351 triplex
467 3279 546 3328 esse
571 3255 740 3349 templum
775 3255 987 3339 voluerunt3
1022 3265 1157 3349 partem
1188 3279 1236 3328 sc.
1272 3259 1511 3347 orientalem,
1562 3247 1563 3330 l

308 3382 566 3467 Erechtheum,
604 3384 863 3455 occidentalem
906 3408 990 3456 vero
1023 3384 1203 3459 Minervae
1240 3390 1430 3484 templum,
1474 3406 1516 3465 et
1562 3351 1563 3396 l

308 3512 487 3606 porticum
514 3510 850 3607 ‘Stylagalmaticum
885 3506 1062 3585 Pandrosi
1092 3516 1260 3586 sacellum
1294 3530 1476 3607 vocantes
1487 3529 1516 3591 ⁴.

312 3638 385 3713 Sed
424 3650 536 3711 totum
586 3639 776 3712 {edificium
825 3640 1061 3735 proculdubio
1107 3641 1350 3723 Erechtheum
1398 3661 1521 3720 vocat

313 3754 547 3841 Pausaniam.
607 3770 857 3839 Pandroseum
891 3780 932 3840 ut
964 3792 987 3839 a
1023 3768 1210 3842 Wilkinsii
1242 3773 1363 3844 tabula
1397 3801 1523 3853 aenea
1562 3753 1563 3838 l

312 3896 397 3971 satis
416 3897 565 3993 patebit,
592 3898 680 3969 duas
706 3908 827 3993 partes
849 3899 996 3983 habuit,
1016 3902 1110 3971 banc
1128 3902 1303 3974 minorem
1332 3915 1370 3976 et
1390 3906 1525 3980 fronti
1562 3895 1563 3908 ¹

345 4105 363 4149 ·¹
385 4106 431 4166 Cf.
445 4106 553 4167 Corsiu.
565 4106 586 4163 F
588 4113 641 4163 ast.
655 4108 717 4163 Att.
731 4106 815 4164 Tom.
827 4106 882 4164 lll.
972 4109 983 4141 ³
1003 4109 1090 4167 Ieak.
1100 4110 1208 4185 Topog.
1223 4115 1286 4172 Att.
1300 4131 1329 4186 p.
1339 4110 1427 4171 268„
1562 4161 1563 4186 2

315 4214 344 4268 p.
359 4201 429 4259 255.
972 4199 984 4229 ⁴
1003 4201 1109 4261 Stuart.
1122 4202 1220 4278 Antiq.
1234 4202 1266 4260 ol'
1282 4206 1409 4276 Athens,
1425 4208 1534 4271 Tom.

532 4308 535 4319 ·
934 4290 973 4348 Il.
999 4312 1024 4351 c.
1046 4302 1075 4354 2.
1107 4313 1135 4370 p.
1156 4294 1203 4355 16.
1247 4296 1316 4354 Earl
1341 4300 1374 4356 of
1398 4300 1537 4376 Elgin’s

357 4384 669 4453 'Pausan.1.l.t27.
704 4386 752 4443 Cf.
771 4400 884 4465 quoque
934 4386 1099 4445 Pursuitsin
1113 4390 1222 4447 Graece
1236 4410 1263 4465 p.
1276 4398 1327 4451 23.
1349 4394 1563 4470 Cleanthen,

317 4477 425 4535 Herod.
454 4478 537 4538 Vlll.
572 4489 619 4542 55.
655 4490 685 4539 et
719 4478 882 4557 Apollodor.
933 4480 1064 4549 (Travela
1076 4484 1106 4540 in
1120 4472 1238 4560 Graece,
1252 4487 1318 4551 c.ii.
1340 4508 1370 4564 p.
1385 4498 1460 4568 52.)
1562 4497 1563 4542 3

318 4572 374 4631 lll.
392 4578 438 4630 14.
974 4570 985 4603 ⁸
1008 4574 1064 4634 Ubi
1077 4594 1169 4651 supra.
