3250 5350
860 465 904 536 16
1280 461 1428 560 [Cruss.
1449 469 1477 531 Ι.

602 878 754 960 Ornos.
781 877 819 958 Ι.
873 877 1028 960 Inscn.
1055 878 1147 960 III.

517 1083 878 1163 rusonrrrro
920 1057 1235 1163 astronom.

716 1292 807 1350 ΤΑΒ.
830 1294 866 1350 11.
911 1295 981 1352 Pro.
1004 1294 1041 1351 11.

816 1519 948 1566 ...4-

171 1761 174 1768 ·
284 1727 514 1813 Petrizzopulo.
559 1723 689 1811 'Saggio
723 1728 849 1792 Storico
884 1729 962 1794 suile
996 1730 1095 1815 prime
1129 1745 1180 1796 eta
1214 1726 1286 1796 dell'
1324 1732 1408 1798 Irola
1441 1733 1474 1797 di

563 1840 721 1906 leucadia
744 1841 896 1920 (Florent.
918 1841 1191 1918 18'14.)Tab.11.

290 2117 294 2122 ⁴
358 2007 479 2100 Hinc
508 2027 774 2122 inscriptionem
806 2028 990 2101 Btickhius
1018 2053 1160 2102 mecum
1179 2033 1472 2120 communicavit;

281 2167 407 2253 posteo
438 2155 683 2252 Petrizzopuli
709 2181 800 2253 opus
833 2157 1090 2229 humanissime
1117 2158 1204 2230 mihi
1234 2161 1477 2234 commodavit

282 2293 441 2363 omniurn
478 2291 653 2362 bonarum
690 2289 872 2362 literarum
907 2299 1079 2386 patronus
1111 2289 1170 2362 ille
1206 2300 1315 2388 atque
1356 2291 1477 2364 fautor

282 2423 499 2497 Fredericus
525 2423 658 2496 Comes
686 2425 732 2494 de
755 2421 935 2495 Guiit'ord.
983 2419 1198 2516 Bibliopolae
1222 2422 1319 2494 enim
1339 2421 1476 2495 Londi-

282 2589 425 2650 nenses,
451 2573 492 2637 ut
509 2563 660 2644 ridetur,
686 2585 732 2634 ex
750 2561 855 2634 Italib
874 2560 984 2634 libros
1002 2584 1187 2657 nunquam
1203 2562 1370 2636 affemnt.
1400 2563 1477 2653 Qui

283 2716 398 2789 nuper
421 2693 471 2765 ibi
498 2694 725 2787 prodierunt,
752 2692 828 2786 ipse
851 2694 887 2765 in
913 2717 1033 2765 meum
1058 2718 1161 2766 usum
1189 2717 1376 2790 nunquam
1405 2693 1476 2767 nisi

281 2820 478 2893 amicorum
506 2821 684 2893 beneficio
710 2844 920 2915 comparare
944 2822 1056 2916 potui.

357 2948 456 3040 Quid
489 2950 534 3021 de
580 2950 649 3020 hoc
684 2971 862 3021 marmore
896 2953 1131 3043 statuendum
1157 2975 1303 3047 prorsus
1338 2952 1475 3039 nescio,

282 3080 417 3177 quippe
439 3081 537 3177 quod
563 3080 686 3176 aliqua
703 3078 889 3153 contineat
916 3105 1000 3177 quse
1019 3093 1145 3155 contra
1164 3106 1289 3155 omnes
1311 3084 1474 3156 omnium

281 3214 329 3287 dc
353 3210 485 3285 Graeci
510 3210 638 3309 lingui
665 3210 862 3284 sententias
888 3222 1051 3306 peccent.
1106 3212 1274 3309 Spurium
1300 3214 1476 3311 imprimis

282 3342 551 3440 inscriptionem
582 3341 678 3438 duxi,
714 3365 782 3411 nec
817 3341 926 3414 hodie
962 3342 1161 3438 genuinam
1194 3366 1273 3417 esse
1302 3345 1476 3418 audacter

280 3470 428 3543 affirmo.
483 3469 659 3577 Magnam
678 3481 796 3542 tamen
817 3470 1003 3543 vetustatis
1031 3472 1187 3565 speciem
1216 3496 1293 3568 prae
1322 3498 1361 3545 se
1378 3473 1476 3548 ferre

283 3604 486 3677 observavit
521 3602 717 3699 Knightius
747 3602 783 3671 in
815 3601 926 3686 literis
961 3599 1069 3673 MSS.
1101 3626 1169 3675 nec
1203 3603 1361 3697 proclive
1395 3628 1477 3677 esse

282 3733 433 3819 credito,
455 3730 596 3828 aliquos
623 3732 659 3802 in
694 3706 1028 3829 barbararegione
1053 3732 1102 3803 ita
1126 3731 1316 3805 archaismi
1340 3734 1476 3828 peritos

280 3869 439 3941 extitisse
455 3876 495 3938 ut
509 3863 652 3935 titutum
672 3860 784 3934 muita
800 3861 1038 3957 proculdubio
1055 3862 1101 3935 ab
1121 3872 1284 3936 extremo
1296 3875 1475 3939 vetustate

280 3998 393 4096 petita
414 3996 608 4067 habentem
627 3991 793 4064 ementiri
809 4002 969 4085 possent.
997 3991 1108 4064 Plura
1123 3992 1344 4090 Apographa
1361 4018 1476 4091 quan.

281 4142 356 4199 tum
376 4126 412 4198 in
429 4149 488 4197 me
505 4134 595 4208 erat,
622 4142 832 4217 comparare
850 4130 1000 4191 conatus
1020 4141 1097 4193 sum
1117 4144 1228 4217 quum
1245 4120 1305 4193 vix
1323 4123 1474 4196 dubium

281 4258 383 4356 quin,
408 4256 440 4329 si
466 4256 591 4329 titulus
621 4277 750 4327 revere
784 4250 968 4349 genuinus
1003 4250 1061 4339 sit,
1105 4250 1352 4346 Petrizzopuli
1384 4276 1476 4348 apo-

279 4387 460 4489 graphum
476 4384 681 4459 foedissimis
697 4382 837 4455 mendis
854 4392 1002 4455 scateat.
1057 4382 1174 4457 Variis
1188 4395 1309 4456 autem
1328 4383 1475 4458 casibus

283 4542 373 4614 quos
390 4518 449 4591 hic
471 4539 671 4591 memorare
688 4516 786 4589 haud
807 4537 898 4608 opus
922 4524 989 4601 est,
1013 4537 1094 4609 spes
1116 4537 1241 4588 omnes
1259 4512 1357 4587 false
1374 4525 1472 4589 sunt.
