3250 5350
157 403 280 493 lusca.
307 423 383 500 VL]
727 419 774 508 67

154 604 410 690 innotesceret,
434 626 500 676 sua
517 601 664 676 uomina
680 603 799 702 galeas
819 601 988 678 Hieronis
1010 603 1047 677 in
1066 625 1173 677 curru
1195 604 1354 678 sedentis

154 743 281 806 statum
306 733 537 831 imponendae
560 733 754 808 incidenda
772 756 945 810 curavere
959 734 967 808 !
981 741 1005 772 “
1029 733 1124 826 Quei
1146 731 1354 808 Siracusani

154 864 207 935 ch'
233 887 350 936 erano
375 865 501 939 venuti
524 865 571 937 da
594 863 724 968 Cuma,
749 863 927 960 passando
951 887 1016 960 per
1040 861 1168 953 Turia,
1190 887 1353 938 avevano

154 996 361 1070 contributa
383 997 418 1070 al
444 1008 679 1072 monumento
703 1000 847 1095 (parte
876 999 917 1072 di
945 997 1016 1072 cui
1040 1023 1114 1072 era
1138 999 1173 1072 il
1199 1010 1354 1074 nostro

154 1125 276 1218 aimo)
300 1125 361 1200 dal
376 1125 455 1202 loro
477 1127 646 1226 principe
660 1129 712 1199 ¹.”
765 1125 886 1202 Verba
911 1127 1140 1202 Brondstedii
1162 1127 1350 1210 exscrib0;

153 1279 197 1329 ne
213 1257 375 1354 suspicio
398 1255 493 1330 forte
518 1258 666 1347 oriatur,
690 1282 748 1332 me
769 1259 850 1333 hoec
875 1259 1021 1335 fluxisse
1045 1283 1119 1357 quo
1145 1259 1261 1333 bonus
1286 1259 1353 1336 iste

153 1392 284 1468 Dauus
324 1395 494 1470 omnibus
535 1397 730 1472 ludibrium
770 1399 913 1474 debeat.
982 1398 1210 1474 Niebuhrius
1243 1401 1353 1474 verba

152 1565 203 1604 τοι
233 1529 265 1604 δι
296 1566 401 1630 supas
439 1535 567 1609 eodem
589 1538 717 1610 'modo
769 1557 843 1631 qun
892 1535 1153 1609 Brondstedius
1196 1537 1351 1633 explicat

34 1711 39 1722 -
154 1662 327 1760 quamvis,
352 1664 382 1737 si
396 1664 502 1738 dides
531 1666 763 1740 Broudstedii
786 1667 940 1742 Οεῐιιοτί
967 1663 1133 1756 Italico¹,
1159 1667 1353 1765 aliquando

152 1793 361 1890 conjecerat
406 1819 474 1890 pro
521 1827 637 1892 wpnn,
692 1797 789 1895 ἰαρόν
840 1798 907 1888 (sc.
961 1795 1095 1894 κορόθα)
1145 1798 1351 1896 legendum.

154 1921 339 1996 Biickhius
356 1925 394 1996 in
413 1925 527 1998 literis
545 1925 658 2000 MSS.
676 1927 726 2000 ita
743 1925 912 2024 explicat.
952 1935 972 1968 “
981 1929 1090 2028 Ἱέρων
1105 1929 1123 2000 ὁ
1142 1929 1351 2028 Assvondsoun

154 2061 201 2131 ndi
222 2063 254 2130 oi
273 2063 485 2157 Συρακούσιοι
508 2070 560 2157 τῷ
584 2063 641 2137 Ad
663 2063 801 2161 Tuppnv'
819 2096 887 2138 απο
913 2071 1034 2150 Ruunt.
1085 2063 1212 2137 Gflleae
1239 2061 1351 2161 signi·

154 2197 309 2271 icantur
334 2223 381 2271 ex
405 2203 530 2296 proeda
560 2199 818 2298 Tyrrhenica³
845 2211 925 2296 post
958 2223 1119 2298 pugnam
1147 2199 1349 2272 Cumanam

154 2329 298 2429 Olymp.
314 2330 497 2406 LXXVI.
510 2345 548 2406 3.
575 2333 635 2406 cf.
652 2333 819 2406 Diodon.⁴
841 2343 878 2404 et
893 2332 1040 2406 Pindar.
1052 2331 1158 2430 Pyth.
1174 2333 1229 2404 1.”
1259 2331 1352 2405 Haec

155 2475 251 2537 terte
273 2463 495 2554 verisimilia,
522 2465 683 2564 quamvis
706 2465 830 2538 nescio
852 2488 898 2536 an
920 2471 996 2540 Ζευς
1019 2469 1148 2563 Τυρρην
1168 2462 1252 2536 alibi
1276 2486 1350 2535 me·
1417 2533 1423 2542 ,

154 2610 322 2687 moretur,
367 2624 436 2675 nec
479 2602 597 2698 planet
638 2601 857 2701 ⁸synalaepha
900 2599 969 2675 ista
1012 2597 1143 2674 vocalis
1195 2606 1209 2670 1
1242 2621 1349 2697 quam

34 2789 39 2809 .
154 2754 339 2830 nunquam
363 2732 665 2807 in-marmoribus
692 2732 822 2805 factam
849 2756 930 2806 esse
955 2730 1154 2805 observavi.
1207 2728 1353 2827 Jupiter

155 2876 270 2941 autem
311 2854 366 2967 (id
397 2870 495 2965 quod
526 2893 548 2941 a
582 2867 765 2941 Pausania
796 2866 883 2940 satis
910 2866 1028 2963 patet)¹
1059 2864 1239 2964 Olympiae
1275 2888 1349 2937 non

154 3005 289 3070 tantum
327 2997 515 3095 Olympius
547 2998 728 3085 audiebat,
762 2998 826 3070 sed
857 2996 974 3071 multis
1007 2996 1214 3069 nominibus
1240 3019 1349 3068 voca·

156 3123 267 3199 batur.
299 3126 444 3200 *Alibp
476 3136 597 3201 tumen
632 3130 747 3227 Tupuv’
779 3152 844 3223 pro
878 3128 1032 3226 Τῦῤῥηνα
1065 3131 1126 3221 (sc.
1162 3126 1262 3225 κρσνῆ
1295 3129 1348 3199 καὶ

156 3253 242 3331 ἄλλα
288 3258 413 3351 σκῦλα)
456 3260 611 3356 positum
655 3269 772 3354 putat,
811 3260 1020 3333 subaudita.
1043 3282 1132 3333 voce
1176 3257 1348 3343 ἀνέθεσαν,

155 3414 219 3464 nec
254 3392 369 3467 aliter⁴
393 3392 576 3490 explicant
608 3391 874 3466 Thierschius⁶
908 3403 945 3466 et
979 3390 1197 3465 Welckerus
1208 3391 1233 3461 ⁷.
1269 3389 1346 3478 ιΙῐι

157 3526 302 3598 eandem
332 3547 480 3623 quoque
513 3526 757 3625 conjecturam
791 3525 920 3599 incidit
958 3523 1117 3599 Leukius
1156 3522 1193 3595 in
1237 3522 1347 3597 literis

156 3650 263 3727 MSS.
307 3655 396 3729 mihi
437 3656 534 3729 haud
576 3656 626 3727 ita
665 3656 805 3751 pridem
846 3654 947 3767 datis.
999 3652 1269 3741 Hermannus⁸,
1307 3666 1347 3728 ut

190 3969 398 4028 1Brondstsdn
421 3988 450 4043 p.
462 3974 511 4026 90.
815 3962 831 3994 ⁵
847 3963 959 4021 Biickh.
1005 3960 1197 4020 Kunst-Blatt.
1231 3964 1359 4037 (1821.)-

188 4064 320 4141 ‘Dianin
355 4065 505 4126 Arcadico.
528 4064 612 4123 Rom.
647 4066 718 4124 Dec.
776 4060 832 4129 No.
848 4057 895 4118 26.
908 4066 935 4115 et
953 4058 987 4113 ad
1004 4056 1115 4112 Pindur.
1130 4054 1216 4131 Pyth.
1230 4073 1257 4128 p.
1273 4056 1344 4112 225.

157 4172 239 4224 1820.
258 4186 285 4241 p.
302 4170 375 4225 381.
813 4156 1003 4217 ‘Thiersch.-
1047 4152 1242 4212 kunst-ulan
1301 4152 1345 4213 ubi
1377 4170 1381 4177 ·

189 4261 335 4327 ³Partem
363 4257 465 4334 praedae
491 4259 628 4317 victarum
655 4277 718 4333 par·
773 4271 865 4329 supra

153 4352 219 4410 tium
248 4352 312 4410 Diis
332 4352 453 4409 victores
473 4369 545 4427 saepe
570 4354 717 4412 vovebant.
806 4355 818 4391 ⁷
840 4346 1003 4405 Welckerus
1018 4346 1167 4423 ubisupra,
1188 4366 1216 4421 p.
1235 4352 1282 4404 10.

154 4442 198 4502 Cf.
221 4444 285 4505 Liv.
298 4447 320 4505 1.
807 4443 819 4476 ⁸
842 4444 989 4503 Refereute
1005 4444 1114 4518 silligio
1132 4444 1254 4521 quodam
1270 4442 1343 4517 apud

188 4546 199 4579 ⁴
219 4538 333 4599 Dindnr.
349 4540 406 4601 x1.
421 4548 469 4601 51.
749 4542 905 4619 oBdttiger.
922 4541 1051 4601 Amalth.
1066 4540 1150 4600 Tum.
1167 4539 1205 4598 11.
1227 4558 1256 4613 p.
1271 4542 1342 4595 233.
