<?xml version="1.0" encoding="UTF-8"?>
<!DOCTYPE html PUBLIC "-//W3C//DTD XHTML 1.0 Transitional//EN"
    "http://www.w3.org/TR/xhtml1/DTD/xhtml1-transitional.dtd">
<html xmlns="http://www.w3.org/1999/xhtml" xml:lang="en" lang="en">
 <head>
  <title>
</title>
<meta http-equiv="Content-Type" content="text/html;charset=utf-8" />
  <meta name='ocr-system' content='tesseract 3.04.00' />
  <meta name='ocr-capabilities' content='ocr_page ocr_carea ocr_par ocr_line ocrx_word'/>
</head>
<body>
  <div class='ocr_page' id='page_1' title='image "./inscriptionesgr01rosegoog_0098.png"; bbox 0 0 3250 5350; ppageno 0'>
   <div class='ocr_carea' id='block_1_1' title="bbox 581 489 1355 566">
    <p class='ocr_par' dir='ltr' id='par_1_1' title="bbox 581 489 1355 566">
     <span class='ocr_line' id='line_1_1' title="bbox 581 489 1355 566; baseline -0.004 -1"><span class='ocrx_word' id='word_1_1' title='bbox 581 517 920 566; x_wconf 78' lang='lat' dir='ltr'><strong>rnounuonrens.</strong></span> <span class='ocrx_word' id='word_1_2' title='bbox 1281 489 1355 566; x_wconf 80' lang='lat' dir='ltr'><strong>lxxi</strong></span> 
     </span>
    </p>
   </div>
   <div class='ocr_carea' id='block_1_2' title="bbox 151 671 1361 4007">
    <p class='ocr_par' dir='ltr' id='par_1_2' title="bbox 151 671 1361 3878">
     <span class='ocr_line' id='line_1_2' title="bbox 158 671 1352 770; baseline -0.003 -22"><span class='ocrx_word' id='word_1_3' title='bbox 158 677 318 770; x_wconf 75' lang='lat' dir='ltr'><strong>Europe</strong></span> <span class='ocrx_word' id='word_1_4' title='bbox 342 681 447 770; x_wconf 88' lang='lat' dir='ltr'><strong>parte</strong></span> <span class='ocrx_word' id='word_1_5' title='bbox 476 682 680 746; x_wconf 89' lang='lat' dir='ltr'><strong>contractos</strong></span> <span class='ocrx_word' id='word_1_6' title='bbox 708 683 821 770; x_wconf 84' lang='lat' dir='ltr'><strong>atque</strong></span> <span class='ocrx_word' id='word_1_7' title='bbox 845 673 1068 770; x_wconf 85' lang='lat' dir='ltr'><strong>conquisitos</strong></span> <span class='ocrx_word' id='word_1_8' title='bbox 1084 681 1215 768; x_wconf 69' lang='lat' dir='ltr'><strong>praeter</strong></span> <span class='ocrx_word' id='word_1_9' title='bbox 1236 671 1352 768; x_wconf 87' lang='lat' dir='ltr'><strong>ipsum</strong></span> 
     </span>
     <span class='ocr_line' id='line_1_3' title="bbox 158 806 1355 904; baseline -0.003 -23"><span class='ocrx_word' id='word_1_10' title='bbox 158 832 265 882; x_wconf 92' lang='lat' dir='ltr'><strong>nemo</strong></span> <span class='ocrx_word' id='word_1_11' title='bbox 312 806 487 904; x_wconf 76' lang='lat' dir='ltr'>possidet,</span> <span class='ocrx_word' id='word_1_12' title='bbox 533 807 678 880; x_wconf 88' lang='lat' dir='ltr'><strong>eosdem</strong></span> <span class='ocrx_word' id='word_1_13' title='bbox 728 814 851 879; x_wconf 89' lang='lat' dir='ltr'><strong>autem</strong></span> <span class='ocrx_word' id='word_1_14' title='bbox 897 829 1038 880; x_wconf 89' lang='lat' dir='ltr'><strong>summo</strong></span> <span class='ocrx_word' id='word_1_15' title='bbox 1074 807 1195 878; x_wconf 78' lang='lat' dir='ltr'><strong>fructu</strong></span> <span class='ocrx_word' id='word_1_16' title='bbox 1244 815 1355 902; x_wconf 86' lang='lat' dir='ltr'><strong>atque</strong></span> 
     </span>
     <span class='ocr_line' id='line_1_4' title="bbox 156 933 1355 1026; baseline -0.002 -16"><span class='ocrx_word' id='word_1_17' title='bbox 156 935 313 1010; x_wconf 86' lang='lat' dir='ltr'><strong>utilitate</strong></span> <span class='ocrx_word' id='word_1_18' title='bbox 357 935 524 1009; x_wconf 88' lang='lat' dir='ltr'><strong>refertos.</strong></span> <span class='ocrx_word' id='word_1_19' title='bbox 578 933 651 1006; x_wconf 88' lang='lat' dir='ltr'><strong>Sed</strong></span> <span class='ocrx_word' id='word_1_20' title='bbox 683 957 731 1006; x_wconf 82' lang='lat' dir='ltr'><strong>ex</strong></span> <span class='ocrx_word' id='word_1_21' title='bbox 765 935 933 1008; x_wconf 87' lang='lat' dir='ltr'><strong>omnibus</strong></span> <span class='ocrx_word' id='word_1_22' title='bbox 963 935 1088 1007; x_wconf 77' lang='lat' dir='ltr'><strong>amicis</strong></span> <span class='ocrx_word' id='word_1_23' title='bbox 1120 935 1222 1026; x_wconf 90' lang='lat' dir='ltr'><strong>meis,</strong></span> <span class='ocrx_word' id='word_1_24' title='bbox 1247 959 1355 1008; x_wconf 86' lang='lat' dir='ltr'><strong>uerno</strong></span> 
     </span>
     <span class='ocr_line' id='line_1_5' title="bbox 155 1061 1355 1158; baseline 0.001 -23"><span class='ocrx_word' id='word_1_25' title='bbox 155 1075 258 1136; x_wconf 88' lang='lat' dir='ltr'><strong>certe</strong></span> <span class='ocrx_word' id='word_1_26' title='bbox 286 1063 393 1158; x_wconf 84' lang='lat' dir='ltr'><strong>plura</strong></span> <span class='ocrx_word' id='word_1_27' title='bbox 420 1063 457 1134; x_wconf 91' lang='lat' dir='ltr'><strong>in</strong></span> <span class='ocrx_word' id='word_1_28' title='bbox 488 1087 547 1136; x_wconf 92' lang='lat' dir='ltr'><strong>me</strong></span> <span class='ocrx_word' id='word_1_29' title='bbox 574 1061 764 1136; x_wconf 83' lang='lat' dir='ltr'><strong>collocavit</strong></span> <span class='ocrx_word' id='word_1_30' title='bbox 790 1062 971 1136; x_wconf 82' lang='lat' dir='ltr'><strong>beneficia</strong></span> <span class='ocrx_word' id='word_1_31' title='bbox 1002 1085 1109 1158; x_wconf 88' lang='lat' dir='ltr'><strong>quam</strong></span> <span class='ocrx_word' id='word_1_32' title='bbox 1143 1062 1229 1135; x_wconf 87' lang='lat' dir='ltr'><strong>illud</strong></span> <span class='ocrx_word' id='word_1_33' title='bbox 1260 1065 1355 1136; x_wconf 77' lang='lat' dir='ltr'><strong>Aca·</strong></span> 
     </span>
     <span class='ocr_line' id='line_1_6' title="bbox 155 1191 1355 1292; baseline 0.002 -30"><span class='ocrx_word' id='word_1_34' title='bbox 155 1193 289 1264; x_wconf 75' lang='lat' dir='ltr'><strong>demite</strong></span> <span class='ocrx_word' id='word_1_35' title='bbox 305 1191 555 1266; x_wconf 88' lang='lat' dir='ltr'><strong>Berolinensis</strong></span> <span class='ocrx_word' id='word_1_36' title='bbox 583 1193 704 1265; x_wconf 88' lang='lat' dir='ltr'><strong>lumen</strong></span> <span class='ocrx_word' id='word_1_37' title='bbox 736 1205 846 1289; x_wconf 89' lang='lat' dir='ltr'><strong>atque</strong></span> <span class='ocrx_word' id='word_1_38' title='bbox 874 1195 985 1266; x_wconf 87' lang='lat' dir='ltr'><strong>decus</strong></span> <span class='ocrx_word' id='word_1_39' title='bbox 1008 1194 1197 1292; x_wconf 77' lang='lat' dir='ltr'><strong>Augustus</strong></span> <span class='ocrx_word' id='word_1_40' title='bbox 1215 1193 1355 1268; x_wconf 78' lang='lat' dir='ltr'><strong>Bticltlr.</strong></span> 
     </span>
     <span class='ocr_line' id='line_1_7' title="bbox 155 1319 1358 1418; baseline 0.002 -27"><span class='ocrx_word' id='word_1_41' title='bbox 155 1319 252 1392; x_wconf 90' lang='lat' dir='ltr'><strong>Cum</strong></span> <span class='ocrx_word' id='word_1_42' title='bbox 293 1343 365 1418; x_wconf 88' lang='lat' dir='ltr'><strong>ego</strong></span> <span class='ocrx_word' id='word_1_43' title='bbox 399 1343 509 1392; x_wconf 85' lang='lat' dir='ltr'><strong>novas</strong></span> <span class='ocrx_word' id='word_1_44' title='bbox 549 1323 724 1415; x_wconf 86' lang='lat' dir='ltr'><strong>quasdam</strong></span> <span class='ocrx_word' id='word_1_45' title='bbox 765 1319 1019 1416; x_wconf 74' lang='lat' dir='ltr'><strong>inscriptiones</strong></span> <span class='ocrx_word' id='word_1_46' title='bbox 1049 1345 1131 1393; x_wconf 88' lang='lat' dir='ltr'><strong>cum</strong></span> <span class='ocrx_word' id='word_1_47' title='bbox 1160 1321 1225 1394; x_wconf 91' lang='lat' dir='ltr'><strong>illo</strong></span> <span class='ocrx_word' id='word_1_48' title='bbox 1258 1345 1358 1394; x_wconf 90' lang='lat' dir='ltr'><strong>com·</strong></span> 
     </span>
     <span class='ocr_line' id='line_1_8' title="bbox 155 1447 1356 1551; baseline 0.003 -31"><span class='ocrx_word' id='word_1_49' title='bbox 155 1447 414 1536; x_wconf 69' lang='lat' dir='ltr'><strong>municionem,</strong></span> <span class='ocrx_word' id='word_1_50' title='bbox 457 1453 530 1522; x_wconf 85' lang='lat' dir='ltr'><strong>cito</strong></span> <span class='ocrx_word' id='word_1_51' title='bbox 572 1449 692 1523; x_wconf 80' lang='lat' dir='ltr'><strong>effecit</strong></span> <span class='ocrx_word' id='word_1_52' title='bbox 734 1459 773 1522; x_wconf 89' lang='lat' dir='ltr'><strong>ut</strong></span> <span class='ocrx_word' id='word_1_53' title='bbox 809 1451 846 1522; x_wconf 93' lang='lat' dir='ltr'><strong>in</strong></span> <span class='ocrx_word' id='word_1_54' title='bbox 880 1449 942 1522; x_wconf 88' lang='lat' dir='ltr'><strong>illo</strong></span> <span class='ocrx_word' id='word_1_55' title='bbox 977 1473 1115 1548; x_wconf 83' lang='lat' dir='ltr'><strong>genere</strong></span> <span class='ocrx_word' id='word_1_56' title='bbox 1155 1475 1212 1525; x_wconf 85' lang='lat' dir='ltr'><strong>rue</strong></span> <span class='ocrx_word' id='word_1_57' title='bbox 1245 1452 1356 1551; x_wconf 91' lang='lat' dir='ltr'><strong>longe</strong></span> 
     </span>
     <span class='ocr_line' id='line_1_9' title="bbox 155 1579 1354 1677; baseline 0.005 -29"><span class='ocrx_word' id='word_1_58' title='bbox 155 1588 357 1672; x_wconf 82' lang='lat' dir='ltr'><strong>superaret,</strong></span> <span class='ocrx_word' id='word_1_59' title='bbox 396 1602 463 1650; x_wconf 92' lang='lat' dir='ltr'><strong>nec</strong></span> <span class='ocrx_word' id='word_1_60' title='bbox 497 1601 611 1652; x_wconf 84' lang='lat' dir='ltr'><strong>noves</strong></span> <span class='ocrx_word' id='word_1_61' title='bbox 642 1589 783 1652; x_wconf 87' lang='lat' dir='ltr'><strong>tantum</strong></span> <span class='ocrx_word' id='word_1_62' title='bbox 817 1579 1074 1676; x_wconf 74' lang='lat' dir='ltr'><strong>inscriptiones</strong></span> <span class='ocrx_word' id='word_1_63' title='bbox 1100 1583 1354 1677; x_wconf 76' lang='lat' dir='ltr'><strong>suppeditavit,</strong></span> 
     </span>
     <span class='ocr_line' id='line_1_10' title="bbox 155 1707 1356 1806; baseline 0.007 -30"><span class='ocrx_word' id='word_1_64' title='bbox 155 1707 219 1776; x_wconf 90' lang='lat' dir='ltr'><strong>sed</strong></span> <span class='ocrx_word' id='word_1_65' title='bbox 258 1715 400 1776; x_wconf 85' lang='lat' dir='ltr'><strong>veteres</strong></span> <span class='ocrx_word' id='word_1_66' title='bbox 436 1714 547 1800; x_wconf 88' lang='lat' dir='ltr'><strong>atque</strong></span> <span class='ocrx_word' id='word_1_67' title='bbox 576 1715 680 1778; x_wconf 89' lang='lat' dir='ltr'><strong>notas</strong></span> <span class='ocrx_word' id='word_1_68' title='bbox 721 1729 777 1791; x_wconf 87' lang='lat' dir='ltr'><strong>ea,</strong></span> <span class='ocrx_word' id='word_1_69' title='bbox 813 1707 952 1800; x_wconf 90' lang='lat' dir='ltr'><strong>quain</strong></span> <span class='ocrx_word' id='word_1_70' title='bbox 985 1708 1053 1782; x_wconf 90' lang='lat' dir='ltr'><strong>boc</strong></span> <span class='ocrx_word' id='word_1_71' title='bbox 1087 1733 1228 1806; x_wconf 83' lang='lat' dir='ltr'><strong>genere</strong></span> <span class='ocrx_word' id='word_1_72' title='bbox 1261 1736 1356 1784; x_wconf 88' lang='lat' dir='ltr'><strong>unus</strong></span> 
     </span>
     <span class='ocr_line' id='line_1_11' title="bbox 155 1833 1355 1930; baseline 0.007 -24"><span class='ocrx_word' id='word_1_73' title='bbox 155 1847 225 1920; x_wconf 88' lang='lat' dir='ltr'><strong>est,</strong></span> <span class='ocrx_word' id='word_1_74' title='bbox 263 1833 441 1921; x_wconf 87' lang='lat' dir='ltr'><strong>doctrina,</strong></span> <span class='ocrx_word' id='word_1_75' title='bbox 476 1833 661 1906; x_wconf 83' lang='lat' dir='ltr'><strong>illustravit</strong></span> <span class='ocrx_word' id='word_1_76' title='bbox 673 1865 684 1922; x_wconf 88' lang='lat'>;</span> <span class='ocrx_word' id='word_1_77' title='bbox 724 1859 792 1908; x_wconf 89' lang='lat' dir='ltr'><strong>me.</strong></span> <span class='ocrx_word' id='word_1_78' title='bbox 816 1859 914 1930; x_wconf 80' lang='lat' dir='ltr'><strong>saepe</strong></span> <span class='ocrx_word' id='word_1_79' title='bbox 944 1848 1127 1911; x_wconf 77' lang='lat' dir='ltr'><strong>errantem</strong></span> <span class='ocrx_word' id='word_1_80' title='bbox 1163 1841 1355 1926; x_wconf 83' lang='lat' dir='ltr'><strong>revocavit,</strong></span> 
     </span>
     <span class='ocr_line' id='line_1_12' title="bbox 155 1965 1355 2066; baseline 0.005 -28"><span class='ocrx_word' id='word_1_81' title='bbox 155 1965 388 2038; x_wconf 67' lang='lat' dir='ltr'><strong>dubitantem</strong></span> <span class='ocrx_word' id='word_1_82' title='bbox 406 1965 631 2038; x_wconf 84' lang='lat' dir='ltr'><strong>confirmavit</strong></span> <span class='ocrx_word' id='word_1_83' title='bbox 642 1965 665 2036; x_wconf 88' lang='lat'><strong>¹.</strong></span> <span class='ocrx_word' id='word_1_84' title='bbox 717 1965 760 2036; x_wconf 94' lang='lat' dir='ltr'><strong>ln</strong></span> <span class='ocrx_word' id='word_1_85' title='bbox 786 1989 860 2062; x_wconf 89' lang='lat' dir='ltr'><strong>quo</strong></span> <span class='ocrx_word' id='word_1_86' title='bbox 879 1989 1018 2063; x_wconf 82' lang='lat' dir='ltr'><strong>genere</strong></span> <span class='ocrx_word' id='word_1_87' title='bbox 1041 1992 1190 2065; x_wconf 86' lang='lat' dir='ltr'><strong>quoque</strong></span> <span class='ocrx_word' id='word_1_88' title='bbox 1208 1983 1355 2066; x_wconf 80' lang='lat' dir='ltr'><strong>quantes</strong></span> 
     </span>
     <span class='ocr_line' id='line_1_13' title="bbox 157 2093 1356 2194; baseline 0.006 -28"><span class='ocrx_word' id='word_1_89' title='bbox 157 2093 390 2167; x_wconf 85' lang='lat' dir='ltr'><strong>Blomfieldio</strong></span> <span class='ocrx_word' id='word_1_90' title='bbox 406 2119 430 2164; x_wconf 84' lang='lat' dir='ltr'><strong>a</strong></span> <span class='ocrx_word' id='word_1_91' title='bbox 447 2117 504 2166; x_wconf 91' lang='lat' dir='ltr'><strong>me</strong></span> <span class='ocrx_word' id='word_1_92' title='bbox 524 2093 652 2192; x_wconf 77' lang='lat' dir='ltr'><strong>gratiae</strong></span> <span class='ocrx_word' id='word_1_93' title='bbox 667 2095 823 2192; x_wconf 82' lang='lat' dir='ltr'><strong>ageudae</strong></span> <span class='ocrx_word' id='word_1_94' title='bbox 841 2105 935 2183; x_wconf 89' lang='lat' dir='ltr'><strong>sunt,</strong></span> <span class='ocrx_word' id='word_1_95' title='bbox 951 2097 1014 2193; x_wconf 92' lang='lat' dir='ltr'><strong>qui</strong></span> <span class='ocrx_word' id='word_1_96' title='bbox 1029 2120 1111 2170; x_wconf 87' lang='lat' dir='ltr'><strong>cum</strong></span> <span class='ocrx_word' id='word_1_97' title='bbox 1126 2098 1203 2194; x_wconf 85' lang='lat' dir='ltr'><strong>ipse</strong></span> <span class='ocrx_word' id='word_1_98' title='bbox 1217 2123 1356 2174; x_wconf 86' lang='lat' dir='ltr'><strong>summa</strong></span> 
     </span>
     <span class='ocr_line' id='line_1_14' title="bbox 155 2221 1356 2310; baseline 0.009 -16"><span class='ocrx_word' id='word_1_99' title='bbox 155 2221 338 2294; x_wconf 74' lang='lat' dir='ltr'><strong>doctrinm</strong></span> <span class='ocrx_word' id='word_1_100' title='bbox 363 2222 444 2293; x_wconf 90' lang='lat' dir='ltr'><strong>loca</strong></span> <span class='ocrx_word' id='word_1_101' title='bbox 471 2231 603 2310; x_wconf 91' lang='lat' dir='ltr'><strong>teneat,</strong></span> <span class='ocrx_word' id='word_1_102' title='bbox 629 2233 666 2295; x_wconf 90' lang='lat' dir='ltr'><strong>et</strong></span> <span class='ocrx_word' id='word_1_103' title='bbox 696 2224 861 2298; x_wconf 84' lang='lat' dir='ltr'><strong>Athenas</strong></span> <span class='ocrx_word' id='word_1_104' title='bbox 889 2249 975 2298; x_wconf 82' lang='lat' dir='ltr'><strong>rere</strong></span> <span class='ocrx_word' id='word_1_105' title='bbox 1005 2227 1144 2300; x_wconf 89' lang='lat' dir='ltr'><strong>nobiles</strong></span> <span class='ocrx_word' id='word_1_106' title='bbox 1173 2233 1356 2306; x_wconf 91' lang='lat' dir='ltr'><strong>ornandas</strong></span> 
     </span>
     <span class='ocr_line' id='line_1_15' title="bbox 151 2334 1356 2447; baseline 0.007 -21"><span class='ocrx_word' id='word_1_107' title='bbox 151 2334 288 2426; x_wconf 70' lang='lat' dir='ltr'><strong>&#39;nectus</strong></span> <span class='ocrx_word' id='word_1_108' title='bbox 322 2354 379 2437; x_wconf 92' lang='lat' dir='ltr'><strong>sit,</strong></span> <span class='ocrx_word' id='word_1_109' title='bbox 407 2377 498 2426; x_wconf 82' lang='lat' dir='ltr'><strong>meas</strong></span> <span class='ocrx_word' id='word_1_110' title='bbox 530 2353 657 2428; x_wconf 90' lang='lat' dir='ltr'><strong>humili</strong></span> <span class='ocrx_word' id='word_1_111' title='bbox 682 2355 860 2428; x_wconf 75' lang='lat' dir='ltr'><strong>doctrine</strong></span> <span class='ocrx_word' id='word_1_112' title='bbox 884 2366 922 2428; x_wconf 88' lang='lat' dir='ltr'><strong>et</strong></span> <span class='ocrx_word' id='word_1_113' title='bbox 954 2356 1080 2430; x_wconf 87' lang='lat' dir='ltr'><strong>leviori</strong></span> <span class='ocrx_word' id='word_1_114' title='bbox 1109 2361 1284 2447; x_wconf 89' lang='lat' dir='ltr'><strong>materiei,</strong></span> <span class='ocrx_word' id='word_1_115' title='bbox 1309 2386 1356 2435; x_wconf 86' lang='lat' dir='ltr'><strong>ex</strong></span> 
     </span>
     <span class='ocr_line' id='line_1_16' title="bbox 155 2483 1356 2582; baseline -0.001 -22"><span class='ocrx_word' id='word_1_116' title='bbox 155 2511 203 2560; x_wconf 87' lang='lat' dir='ltr'><strong>ea</strong></span> <span class='ocrx_word' id='word_1_117' title='bbox 228 2509 305 2580; x_wconf 84' lang='lat' dir='ltr'><strong>qua</strong></span> <span class='ocrx_word' id='word_1_118' title='bbox 328 2507 472 2581; x_wconf 87' lang='lat' dir='ltr'><strong>semper</strong></span> <span class='ocrx_word' id='word_1_119' title='bbox 497 2495 552 2557; x_wconf 89' lang='lat' dir='ltr'><strong>est</strong></span> <span class='ocrx_word' id='word_1_120' title='bbox 578 2507 666 2582; x_wconf 88' lang='lat' dir='ltr'><strong>erga</strong></span> <span class='ocrx_word' id='word_1_121' title='bbox 690 2507 746 2556; x_wconf 89' lang='lat' dir='ltr'><strong>me</strong></span> <span class='ocrx_word' id='word_1_122' title='bbox 774 2483 1041 2572; x_wconf 82' lang='lat' dir='ltr'><strong>benevolentia,</strong></span> <span class='ocrx_word' id='word_1_123' title='bbox 1067 2485 1236 2578; x_wconf 85' lang='lat' dir='ltr'><strong>opitulari</strong></span> <span class='ocrx_word' id='word_1_124' title='bbox 1263 2511 1356 2559; x_wconf 90' lang='lat' dir='ltr'><strong>nun·</strong></span> 
     </span>
     <span class='ocr_line' id='line_1_17' title="bbox 155 2612 1357 2715; baseline 0 -26"><span class='ocrx_word' id='word_1_125' title='bbox 155 2639 270 2714; x_wconf 86' lang='lat' dir='ltr'><strong>quam</strong></span> <span class='ocrx_word' id='word_1_126' title='bbox 300 2614 423 2687; x_wconf 92' lang='lat' dir='ltr'><strong>noluit.</strong></span> <span class='ocrx_word' id='word_1_127' title='bbox 476 2615 674 2715; x_wconf 87' lang='lat' dir='ltr'><strong>ignoscant</strong></span> <span class='ocrx_word' id='word_1_128' title='bbox 701 2613 788 2686; x_wconf 89' lang='lat' dir='ltr'><strong>mibi</strong></span> <span class='ocrx_word' id='word_1_129' title='bbox 820 2612 923 2686; x_wconf 86' lang='lat' dir='ltr'><strong>velim</strong></span> <span class='ocrx_word' id='word_1_130' title='bbox 951 2613 1147 2686; x_wconf 84' lang='lat' dir='ltr'><strong>doctissimi</strong></span> <span class='ocrx_word' id='word_1_131' title='bbox 1175 2613 1223 2685; x_wconf 92' lang='lat' dir='ltr'><strong>illi</strong></span> <span class='ocrx_word' id='word_1_132' title='bbox 1246 2627 1357 2712; x_wconf 86' lang='lat' dir='ltr'><strong>atque</strong></span> 
     </span>
     <span class='ocr_line' id='line_1_18' title="bbox 154 2742 1358 2839; baseline -0.001 -19"><span class='ocrx_word' id='word_1_133' title='bbox 154 2746 386 2820; x_wconf 84' lang='lat' dir='ltr'><strong>celeberrimi</strong></span> <span class='ocrx_word' id='word_1_134' title='bbox 415 2744 496 2833; x_wconf 83' lang='lat' dir='ltr'><strong>viri,</strong></span> <span class='ocrx_word' id='word_1_135' title='bbox 528 2742 664 2818; x_wconf 79' lang='lat' dir='ltr'><strong>Praeeul</strong></span> <span class='ocrx_word' id='word_1_136' title='bbox 698 2743 927 2817; x_wconf 83' lang='lat' dir='ltr'><strong>venerandus</strong></span> <span class='ocrx_word' id='word_1_137' title='bbox 963 2742 1164 2839; x_wconf 84' lang='lat' dir='ltr'><strong>Episcopus</strong></span> <span class='ocrx_word' id='word_1_138' title='bbox 1196 2746 1358 2819; x_wconf 87' lang='lat' dir='ltr'><strong>Bristoli·</strong></span> 
     </span>
     <span class='ocr_line' id='line_1_19' title="bbox 154 2870 1357 2973; baseline -0.001 -23"><span class='ocrx_word' id='word_1_139' title='bbox 154 2878 268 2965; x_wconf 89' lang='lat' dir='ltr'><strong>ensis,</strong></span> <span class='ocrx_word' id='word_1_140' title='bbox 293 2875 465 2948; x_wconf 81' lang='lat' dir='ltr'><strong>Decenus</strong></span> <span class='ocrx_word' id='word_1_141' title='bbox 500 2872 815 2973; x_wconf 88' lang='lat' dir='ltr'><strong>Peterburgensis,</strong></span> <span class='ocrx_word' id='word_1_142' title='bbox 841 2884 880 2945; x_wconf 92' lang='lat' dir='ltr'><strong>et</strong></span> <span class='ocrx_word' id='word_1_143' title='bbox 913 2870 1095 2970; x_wconf 80' lang='lat' dir='ltr'><strong>Magister</strong></span> <span class='ocrx_word' id='word_1_144' title='bbox 1122 2872 1357 2971; x_wconf 88' lang='lat' dir='ltr'><strong>dignissimus</strong></span> 
     </span>
     <span class='ocr_line' id='line_1_20' title="bbox 155 3003 1355 3105; baseline -0.003 -23"><span class='ocrx_word' id='word_1_145' title='bbox 155 3008 317 3105; x_wconf 89' lang='lat' dir='ltr'><strong>Collegii</strong></span> <span class='ocrx_word' id='word_1_146' title='bbox 355 3003 712 3095; x_wconf 80' lang='lat' dir='ltr'><strong>Caio-Gonnilleusis</strong></span> <span class='ocrx_word' id='word_1_147' title='bbox 745 3004 775 3074; x_wconf 94' lang='lat' dir='ltr'><strong>si</strong></span> <span class='ocrx_word' id='word_1_148' title='bbox 809 3026 894 3100; x_wconf 91' lang='lat' dir='ltr'><strong>ego,</strong></span> <span class='ocrx_word' id='word_1_149' title='bbox 929 3004 992 3099; x_wconf 88' lang='lat' dir='ltr'><strong>qui</strong></span> <span class='ocrx_word' id='word_1_150' title='bbox 1025 3003 1130 3077; x_wconf 84' lang='lat' dir='ltr'><strong>aliter</strong></span> <span class='ocrx_word' id='word_1_151' title='bbox 1161 3028 1355 3102; x_wconf 90' lang='lat' dir='ltr'><strong>nequeam,</strong></span> 
     </span>
     <span class='ocr_line' id='line_1_21' title="bbox 155 3131 1358 3229; baseline -0.003 -20"><span class='ocrx_word' id='word_1_152' title='bbox 155 3140 193 3209; x_wconf 91' lang='lat' dir='ltr'><strong>in</strong></span> <span class='ocrx_word' id='word_1_153' title='bbox 225 3139 297 3209; x_wconf 88' lang='lat' dir='ltr'><strong>boc&#39;</strong></span> <span class='ocrx_word' id='word_1_154' title='bbox 322 3138 404 3208; x_wconf 92' lang='lat' dir='ltr'><strong>loco</strong></span> <span class='ocrx_word' id='word_1_155' title='bbox 429 3159 623 3207; x_wconf 89' lang='lat' dir='ltr'><strong>memorem</strong></span> <span class='ocrx_word' id='word_1_156' title='bbox 653 3143 807 3229; x_wconf 88' lang='lat' dir='ltr'><strong>quantas</strong></span> <span class='ocrx_word' id='word_1_157' title='bbox 834 3131 904 3203; x_wconf 90' lang='lat' dir='ltr'><strong>illis</strong></span> <span class='ocrx_word' id='word_1_158' title='bbox 921 3132 1058 3229; x_wconf 89' lang='lat' dir='ltr'><strong>gratias</strong></span> <span class='ocrx_word' id='word_1_159' title='bbox 1080 3132 1234 3204; x_wconf 88' lang='lat' dir='ltr'><strong>babeam</strong></span> <span class='ocrx_word' id='word_1_160' title='bbox 1264 3158 1358 3207; x_wconf 89' lang='lat' dir='ltr'><strong>sem·</strong></span> 
     </span>
     <span class='ocr_line' id='line_1_22' title="bbox 155 3258 1361 3365; baseline -0.008 -24"><span class='ocrx_word' id='word_1_161' title='bbox 155 3290 303 3365; x_wconf 86' lang='lat' dir='ltr'><strong>perque</strong></span> <span class='ocrx_word' id='word_1_162' title='bbox 331 3268 398 3337; x_wconf 93' lang='lat' dir='ltr'><strong>sim</strong></span> <span class='ocrx_word' id='word_1_163' title='bbox 429 3264 618 3337; x_wconf 87' lang='lat' dir='ltr'><strong>habiturus</strong></span> <span class='ocrx_word' id='word_1_164' title='bbox 647 3262 695 3333; x_wconf 91' lang='lat' dir='ltr'><strong>ob</strong></span> <span class='ocrx_word' id='word_1_165' title='bbox 722 3258 891 3331; x_wconf 84' lang='lat' dir='ltr'><strong>eximiam</strong></span> <span class='ocrx_word' id='word_1_166' title='bbox 918 3282 1044 3331; x_wconf 85' lang='lat' dir='ltr'><strong>eorum</strong></span> <span class='ocrx_word' id='word_1_167' title='bbox 1072 3258 1109 3329; x_wconf 92' lang='lat' dir='ltr'><strong>in</strong></span> <span class='ocrx_word' id='word_1_168' title='bbox 1133 3282 1192 3330; x_wconf 90' lang='lat' dir='ltr'><strong>me</strong></span> <span class='ocrx_word' id='word_1_169' title='bbox 1220 3282 1361 3342; x_wconf 64' lang='lat' dir='ltr'><strong>meum,</strong></span> 
     </span>
     <span class='ocr_line' id='line_1_23' title="bbox 156 3386 1357 3495; baseline -0.007 -26"><span class='ocrx_word' id='word_1_170' title='bbox 156 3422 232 3495; x_wconf 92' lang='lat' dir='ltr'><strong>que</strong></span> <span class='ocrx_word' id='word_1_171' title='bbox 258 3394 420 3467; x_wconf 89' lang='lat' dir='ltr'><strong>libellum</strong></span> <span class='ocrx_word' id='word_1_172' title='bbox 452 3390 755 3465; x_wconf 80' lang='lat' dir='ltr'><strong>benevolentiam.</strong></span> <span class='ocrx_word' id='word_1_173' title='bbox 799 3386 967 3483; x_wconf 81' lang='lat' dir='ltr'><strong>Syndicis</strong></span> <span class='ocrx_word' id='word_1_174' title='bbox 998 3386 1159 3482; x_wconf 89' lang='lat' dir='ltr'><strong>denique</strong></span> <span class='ocrx_word' id='word_1_175' title='bbox 1189 3387 1357 3462; x_wconf 90' lang='lat' dir='ltr'><strong>omnibus</strong></span> 
     </span>
     <span class='ocr_line' id='line_1_24' title="bbox 155 3517 1356 3616; baseline -0.007 -17"><span class='ocrx_word' id='word_1_176' title='bbox 155 3525 257 3599; x_wconf 84' lang='lat' dir='ltr'><strong>Preti</strong></span> <span class='ocrx_word' id='word_1_177' title='bbox 281 3522 495 3597; x_wconf 82' lang='lat' dir='ltr'><strong>Academici</strong></span> <span class='ocrx_word' id='word_1_178' title='bbox 522 3545 580 3615; x_wconf 85' lang='lat' dir='ltr'><strong>me</strong></span> <span class='ocrx_word' id='word_1_179' title='bbox 603 3543 715 3616; x_wconf 88' lang='lat' dir='ltr'><strong>quam.</strong></span> <span class='ocrx_word' id='word_1_180' title='bbox 729 3519 882 3591; x_wconf 84' lang='lat' dir='ltr'><strong>maxime</strong></span> <span class='ocrx_word' id='word_1_181' title='bbox 899 3517 1112 3589; x_wconf 90' lang='lat' dir='ltr'><strong>obstrictum</strong></span> <span class='ocrx_word' id='word_1_182' title='bbox 1130 3540 1210 3589; x_wconf 89' lang='lat' dir='ltr'><strong>esse</strong></span> <span class='ocrx_word' id='word_1_183' title='bbox 1227 3518 1356 3603; x_wconf 77' lang='lat' dir='ltr'><strong>satem,</strong></span> 
     </span>
     <span class='ocr_line' id='line_1_25' title="bbox 159 3646 1357 3750; baseline -0.013 -16"><span class='ocrx_word' id='word_1_184' title='bbox 159 3686 243 3733; x_wconf 89' lang='lat' dir='ltr'><strong>cum</strong></span> <span class='ocrx_word' id='word_1_185' title='bbox 280 3682 328 3730; x_wconf 84' lang='lat' dir='ltr'><strong>ex</strong></span> <span class='ocrx_word' id='word_1_186' title='bbox 359 3680 414 3745; x_wconf 90' lang='lat' dir='ltr'><strong>ea,</strong></span> <span class='ocrx_word' id='word_1_187' title='bbox 444 3678 517 3750; x_wconf 85' lang='lat' dir='ltr'><strong>qua</strong></span> <span class='ocrx_word' id='word_1_188' title='bbox 550 3673 693 3746; x_wconf 89' lang='lat' dir='ltr'><strong>semper</strong></span> <span class='ocrx_word' id='word_1_189' title='bbox 719 3659 804 3722; x_wconf 91' lang='lat' dir='ltr'><strong>sunt</strong></span> <span class='ocrx_word' id='word_1_190' title='bbox 835 3646 1064 3733; x_wconf 85' lang='lat' dir='ltr'><strong>liberalitate,</strong></span> <span class='ocrx_word' id='word_1_191' title='bbox 1100 3647 1198 3719; x_wconf 88' lang='lat' dir='ltr'><strong>hunc</strong></span> <span class='ocrx_word' id='word_1_192' title='bbox 1225 3646 1357 3719; x_wconf 86' lang='lat' dir='ltr'><strong>librum</strong></span> 
     </span>
     <span class='ocr_line' id='line_1_26' title="bbox 158 3776 1052 3878; baseline -0.016 -16"><span class='ocrx_word' id='word_1_193' title='bbox 158 3788 376 3863; x_wconf 76' lang='lat' dir='ltr'><strong>Academiae</strong></span> <span class='ocrx_word' id='word_1_194' title='bbox 402 3784 603 3878; x_wconf 87' lang='lat' dir='ltr'><strong>sumptibus</strong></span> <span class='ocrx_word' id='word_1_195' title='bbox 626 3780 805 3853; x_wconf 90' lang='lat' dir='ltr'><strong>edendum</strong></span> <span class='ocrx_word' id='word_1_196' title='bbox 832 3776 1052 3869; x_wconf 25' lang='lat' dir='ltr'><strong>curaverint..</strong></span> 
     </span>
    </p>

    <p class='ocr_par' dir='ltr' id='par_1_3' title="bbox 239 3904 1358 4007">
     <span class='ocr_line' id='line_1_27' title="bbox 239 3904 1358 4007; baseline -0.013 -18"><span class='ocrx_word' id='word_1_197' title='bbox 239 3916 284 3989; x_wconf 96' lang='lat' dir='ltr'><strong>ln</strong></span> <span class='ocrx_word' id='word_1_198' title='bbox 308 3938 390 3989; x_wconf 90' lang='lat' dir='ltr'><strong>meo</strong></span> <span class='ocrx_word' id='word_1_199' title='bbox 412 3912 537 3985; x_wconf 91' lang='lat' dir='ltr'><strong>libello</strong></span> <span class='ocrx_word' id='word_1_200' title='bbox 560 3910 795 4007; x_wconf 89' lang='lat' dir='ltr'><strong>perlegendo,</strong></span> <span class='ocrx_word' id='word_1_201' title='bbox 824 3905 1029 3979; x_wconf 87' lang='lat' dir='ltr'><strong>meminerit</strong></span> <span class='ocrx_word' id='word_1_202' title='bbox 1045 3904 1180 3977; x_wconf 83' lang='lat' dir='ltr'><strong>Lector</strong></span> <span class='ocrx_word' id='word_1_203' title='bbox 1195 3929 1254 3976; x_wconf 91' lang='lat' dir='ltr'><strong>me</strong></span> <span class='ocrx_word' id='word_1_204' title='bbox 1272 3904 1358 3975; x_wconf 88' lang='lat' dir='ltr'><strong>Col·</strong></span> 
     </span>
    </p>
   </div>
   <div class='ocr_carea' id='block_1_3' title="bbox 159 4034 1358 4135">
    <p class='ocr_par' dir='ltr' id='par_1_4' title="bbox 159 4034 1358 4135">
     <span class='ocr_line' id='line_1_28' title="bbox 159 4034 1358 4135; baseline -0.01 -16"><span class='ocrx_word' id='word_1_205' title='bbox 159 4046 309 4121; x_wconf 88' lang='lat' dir='ltr'><strong>lectoris</strong></span> <span class='ocrx_word' id='word_1_206' title='bbox 339 4054 481 4116; x_wconf 88' lang='lat' dir='ltr'><strong>tantum</strong></span> <span class='ocrx_word' id='word_1_207' title='bbox 511 4042 644 4124; x_wconf 86' lang='lat' dir='ltr'><strong>laudes,</strong></span> <span class='ocrx_word' id='word_1_208' title='bbox 681 4062 808 4135; x_wconf 85' lang='lat' dir='ltr'><strong>parvas</strong></span> <span class='ocrx_word' id='word_1_209' title='bbox 835 4037 981 4133; x_wconf 89' lang='lat' dir='ltr'><strong>quidem</strong></span> <span class='ocrx_word' id='word_1_210' title='bbox 1010 4035 1089 4108; x_wconf 92' lang='lat' dir='ltr'><strong>illas</strong></span> <span class='ocrx_word' id='word_1_211' title='bbox 1114 4045 1226 4131; x_wconf 90' lang='lat' dir='ltr'><strong>atque</strong></span> <span class='ocrx_word' id='word_1_212' title='bbox 1253 4034 1358 4132; x_wconf 90' lang='lat' dir='ltr'><strong>igno·</strong></span> 
     </span>
    </p>
   </div>
   <div class='ocr_carea' id='block_1_4' title="bbox 159 4276 1360 4647">
    <p class='ocr_par' dir='ltr' id='par_1_5' title="bbox 159 4276 1360 4647">
     <span class='ocr_line' id='line_1_29' title="bbox 202 4276 1359 4356; baseline -0.007 -11"><span class='ocrx_word' id='word_1_213' title='bbox 202 4296 211 4326; x_wconf 89' lang='lat'><em>¹</em></span> <span class='ocrx_word' id='word_1_214' title='bbox 235 4289 295 4356; x_wconf 87' lang='lat' dir='ltr'><strong>Qui</strong></span> <span class='ocrx_word' id='word_1_215' title='bbox 327 4286 448 4344; x_wconf 78' lang='lat' dir='ltr'><strong>Bdclsbii</strong></span> <span class='ocrx_word' id='word_1_216' title='bbox 478 4284 682 4343; x_wconf 81' lang='lat' dir='ltr'><strong>observationes</strong></span> <span class='ocrx_word' id='word_1_217' title='bbox 708 4282 736 4336; x_wconf 90' lang='lat' dir='ltr'><strong>in</strong></span> <span class='ocrx_word' id='word_1_218' title='bbox 789 4276 1359 4355; x_wconf 84' lang='lat' dir='ltr'><strong>meguumlnscriptiouum(cito,utspero‚</strong></span> 
     </span>
     <span class='ocr_line' id='line_1_30' title="bbox 160 4370 1360 4455; baseline -0.01 -12"><span class='ocrx_word' id='word_1_219' title='bbox 160 4404 225 4443; x_wconf 91' lang='lat' dir='ltr'><strong>meo</strong></span> <span class='ocrx_word' id='word_1_220' title='bbox 246 4381 343 4439; x_wconf 89' lang='lat' dir='ltr'><strong>libello</strong></span> <span class='ocrx_word' id='word_1_221' title='bbox 361 4380 489 4455; x_wconf 83' lang='lat' dir='ltr'><strong>perlegit,</strong></span> <span class='ocrx_word' id='word_1_222' title='bbox 509 4378 592 4435; x_wconf 82' lang='lat' dir='ltr'><strong>facile</strong></span> <span class='ocrx_word' id='word_1_223' title='bbox 605 4374 741 4451; x_wconf 84' lang='lat' dir='ltr'><strong>intelliget</strong></span> <span class='ocrx_word' id='word_1_224' title='bbox 791 4374 911 4433; x_wconf 84' lang='lat' dir='ltr'><strong>Berolini</strong></span> <span class='ocrx_word' id='word_1_225' title='bbox 933 4374 1116 4449; x_wconf 85' lang='lat' dir='ltr'><strong>proditurum)</strong></span> <span class='ocrx_word' id='word_1_226' title='bbox 1128 4370 1226 4429; x_wconf 85' lang='lat' dir='ltr'><strong>edendi</strong></span> <span class='ocrx_word' id='word_1_227' title='bbox 1248 4373 1360 4431; x_wconf 79' lang='lat' dir='ltr'><strong>deman·</strong></span> 
     </span>
     <span class='ocr_line' id='line_1_31' title="bbox 159 4468 872 4552; baseline -0.013 -19"><span class='ocrx_word' id='word_1_228' title='bbox 159 4494 248 4552; x_wconf 72' lang='lat' dir='ltr'><strong>quam</strong></span> <span class='ocrx_word' id='word_1_229' title='bbox 271 4482 347 4529; x_wconf 86' lang='lat' dir='ltr'><strong>recte</strong></span> <span class='ocrx_word' id='word_1_230' title='bbox 367 4471 463 4545; x_wconf 76' lang='lat' dir='ltr'><strong>lecerit</strong></span> <span class='ocrx_word' id='word_1_231' title='bbox 476 4469 632 4528; x_wconf 80' lang='lat' dir='ltr'><strong>Academia</strong></span> <span class='ocrx_word' id='word_1_232' title='bbox 646 4468 739 4529; x_wconf 80' lang='lat' dir='ltr'><strong>lierol.</strong></span> <span class='ocrx_word' id='word_1_233' title='bbox 790 4468 872 4527; x_wconf 82' lang='lat' dir='ltr'><strong>dant.</strong></span> 
     </span>
     <span class='ocr_line' id='line_1_32' title="bbox 160 4566 741 4647; baseline -0.01 -20"><span class='ocrx_word' id='word_1_234' title='bbox 160 4590 224 4647; x_wconf 75' lang='lat' dir='ltr'><strong>quse</strong></span> <span class='ocrx_word' id='word_1_235' title='bbox 255 4568 385 4627; x_wconf 77' lang='lat' dir='ltr'><strong>Bockbio</strong></span> <span class='ocrx_word' id='word_1_236' title='bbox 415 4587 518 4627; x_wconf 91' lang='lat' dir='ltr'><strong>munus</strong></span> <span class='ocrx_word' id='word_1_237' title='bbox 544 4584 643 4640; x_wconf 88' lang='lat' dir='ltr'><strong>corpus</strong></span> <span class='ocrx_word' id='word_1_238' title='bbox 674 4566 741 4624; x_wconf 91' lang='lat' dir='ltr'><strong>illud</strong></span> 
     </span>
    </p>
   </div>
   <div class='ocr_carea' id='block_1_5' title="bbox 0 0 1630 5350">
    <p class='ocr_par' dir='ltr' id='par_1_6' title="bbox 0 0 1630 5350">
     <span class='ocr_line' id='line_1_33' title="bbox 0 0 1630 5350; baseline 0 0"><span class='ocrx_word' id='word_1_239' title='bbox 0 0 1630 5350; x_wconf 95' lang='lat' dir='ltr'><strong> </strong></span> 
     </span>
    </p>
   </div>
  </div>
 </body>
</html>
