3250 5350
458 1277 609 1361 Crass.
637 1280 702 1363 ΙΙ.
754 1268 906 1368 I'rrscn.
937 1288 990 1370 X.
1014 1345 1019 1354 ·

227 1593 541 1676 JNSCRIPTIO
567 1602 832 1680 LARISSAEA
858 1606 972 1682 SIVE
1000 1609 1207 1688 anolvit.

647 1855 737 1912 ΤΑΒ.
757 1858 796 1915 Χ.

656 2077 794 2128 -φ-

213 2305 372 2404 Dodsreil.
395 2304 467 2370 ltin.
491 2305 589 2370 Toni.
607 2305 653 2370 lt.
679 2329 712 2388 p.
731 2315 805 2370 221.
860 2305 946 2374 Geli.
964 2311 1074 2394 Argoi.
1101 2309 1181 2377 Tab.
1200 2323 1230 2384 7.

202 2518 344 2612 Auara,
371 2535 412 2598 ut
437 2526 521 2598 satis
549 2537 673 2599 notum
696 2537 764 2612 est,
792 2527 874 2598 duae
898 2537 1003 2599 erant
1023 2550 1137 2616 arces,
1166 2553 1318 2628 quarum

140 2651 192 2724 uni
225 2655 381 2729 larissae
405 2680 550 2729 nomen.
601 2655 657 2728 lbi
684 2680 707 2727 a
731 2654 853 2729 Gellio
882 2664 919 2729 et
946 2656 1148 2732 Dodwellio
1178 2674 1320 2758 reperta

141 2794 184 2853 est
204 2786 444 2858 vetustissima
468 2789 546 2858 haec
573 2786 769 2882 inscriptio.
824 2786 969 2859 Dudum
997 2800 1116 2862 autem
1142 2802 1227 2866 ante
1255 2818 1318 2868 eos

141 2913 262 2991 viderat
275 2930 388 3016 atque
406 2918 933 3014 exscripserat-Fourmontius,
948 2921 1053 3020 cujus
1068 2927 1318 3021 apographum
1377 2962 1385 2971 -

142 3066 208 3116 cum
246 3046 500 3119 Dodweliiaoo
534 3046 704 3143 congruit
740 3048 805 3119 nisi
842 3050 940 3143 quod
977 3048 1072 3121 linea
1110 3052 1214 3123 tertia
1252 3075 1318 3148 pro

142 3178 271 3250 ΑΜΟΜ
318 3174 418 3271 legat
460 3180 731 3251 ΠΟΤΑΜΟΜ.
800 3174 858 3249 Dc
902 3179 1018 3250 forma
1045 3178 1239 3254 literarum
1280 3184 1317 3255 in

142 3296 347 3376 Pratatione
366 3301 451 3373 diri.
486 3300 666 3393 Quidnam
685 3302 929 3398 inscriptionis
951 3318 1202 3405 argumentum
1224 3322 1319 3385 esset

142 3432 243 3508 dicere
265 3458 421 3532 nequeo.
475 3434 581 3530 Apud
608 3433 761 3520 Atticos,
789 3436 937 3507 nomina
966 3437 1115 3509 militurn
1141 3440 1225 3512 dum
1252 3465 1317 3535 pro

142 3568 236 3655 patria
260 3576 470 3664 pugnarent
488 3587 662 3637 oaesorum
689 3566 925 3639 marmoribus
949 3556 1196 3644 tradebantur.
1242 3570 1318 3647 Sed

142 3689 186 3765 hic
207 3693 342 3790 aliquid
370 3684 496 3789 majus,
529 3690 595 3762 nisi
622 3691 736 3778 fallor,
771 3692 954 3777 memoriae
985 3695 1232 3769 mandabatur.
1285 3698 1316 3771 Ε

141 3825 329 3896 nominibus
355 3822 415 3894 hic
445 3821 659 3909 memoratis,
686 3819 805 3916 aliqua
833 3822 1071 3895 celeberrima
1096 3834 1189 3908 sunt,
1223 3824 1316 3922 Hip·

139 3956 313 4043 pomedon,
354 3951 502 4038 scilicet,
537 3950 762 4035 Stheneiaus,
803 3952 989 4037 Adrastus,
1028 3952 1246 4039 Arcesilaus,
1279 3966 1317 4028 et

139 4093 315 4153 eretusta
352 4080 523 4152 memoria
556 4079 721 4173 repetita.
774 4078 957 4151 Biickhius
992 4082 1053 4176 qui
1089 4080 1316 4155 Fourmontii

139 4212 367 4306 apographum
399 4208 539 4280 viderat
564 4209 658 4280 iectu
694 4232 772 4280 esse
803 4208 1044 4281 difficillimam
1078 4186 1312 4308 Epigraphen

141 4350 227 4427 putat
257 4344 412 4413 necdum
452 4364 535 4436 quoe
569 4341 636 4414 sibi
668 4330 892 4415 satisfaciunt
921 4366 961 4415 se
999 4343 1174 4441 reperisse
1213 4344 1312 4419 dicit.

141 4462 186 4537 lta
208 4482 321 4545 tamen
354 4472 444 4567 legit
