3250 5350
111 470 237 533 mser.
263 464 376 543 vnn]
674 470 741 547 175

111 654 207 716 stare
253 652 425 715 memorat
465 638 669 714 Guilelmus
710 640 883 725 Wilhins,
924 650 961 712 et
996 639 1166 714 indicarit
1197 618 1303 715 etiem

109 774 279 847 Stuertus
294 776 317 842 ¹:
344 773 442 844 unde
455 772 686 869 conjecerim,
714 780 808 843 seru
825 770 935 843 fuisse
950 770 1060 843 scutis
1073 779 1240 867 'appense
1251 772 1303 845 ’3'-

191 920 527 993 ’Ἔλευσινιακδς
568 928 688 991 sutem
735 922 826 993 λΙΘος
869 916 1070 1014 appellatur
1112 920 1305 1013 zophorus,

114 1046 203 1145 quie
234 1070 323 1122 sexo
357 1048 513 1120 calcario
548 1018 738 1121 contectus
766 1056 822 1119 est
849 1048 896 1117 nd
931 1046 1139 1119 Eleusinem
1173 1048 1309 1137 exciso,

114 1177 274 1250 caeruleo
308 1176 387 1250 fere
422 1178 556 1259 colore,
583 1200 691 1273 quem
727 1174 965 1247 inscribendis
998 1176 1150 1249 maxime
1181 1161 1309 1250 litteris

114 1307 338 1380 adhibebant
363 1319 502 1381 veteres
515 1306 564 1379 ³.’'

195 1453 393 1548 “Insuper
432 1455 630 1549 zophorum
665 1451 775 1549 longe
807 1451 997 1551 projicitur
1033 1478 1166 1527 corona
1196 1480 1311 1551 pura,

118 1579 286 1677 subjecto
328 1580 487 1676 cymatio
530 1578 664 1650 Lesbio
707 1603 786 1651 cum
822 1580 1014 1677 ustrngelo
1052 1604 1159 1676 supra
1196 1584 1314 1679 posite

119 1711 224 1782 sima.
292 1708 365 1781 Sed
399 1719 499 1781 caret
530 1708 788 1795 Erechtheum,
828 1708 920 1780 sicut
950 1710 1045 1781 aedes
1078 1712 1124 1782 nd
1159 1711 1314 1803 llissum,

119 1838 340 1911 denticul':
374 1838 404 1910 si
441 1838 620 1933 porticum
653 1834 828 1909 minorem
860 1838 1060 1933 exceperis.
1118 1840 1232 1940 Cujus
1263 1844 1317 1917 rei

121 1970 204 2041 haec
221 1969 362 2042 videtur
381 1969 483 2066 justa
510 1967 629 2041 carisa.
682 1968 959 2041 Denticulorum
982 1968 1093 2041 sectio
1119 1993 1167 2042 ex
1191 1974 1316 2045 eedem

124 2098 376 2171 materiatione
410 2108 488 2171 orte
516 2107 582 2183 est,
611 2121 684 2194 que
714 2096 891 2194 triglyphi
925 2096 962 2169 in
988 2098 1124 2171 aedibus
1146 2100 1314 2192 Doricis3

123 2230 200 2301 i.e.
245 2228 277 2300 E
311 2228 578 2301 cantheriorum
621 2230 828 2327 projectum
855 2240 893 2302 et
932 2253 1057 2302 eorum
1089 2231 1319 2330 intertigniis.

126 2360 207 2449 Qua
255 2359 301 2429 de
336 2382 445 2431 causo
485 2368 651 2453 utraque,
690 2369 727 2429 et
768 2358 863 2429 inter
900 2340 1102 2455 triglyphos
1145 2370 1182 2431 et
1224 2362 1321 2435 inter

125 2492 341 2579 denticulos,
399 2492 582 2565 intervella
630 2515 652 2561 n
699 2490 838 2561 Graecis
888 2500 1041 2585 metopae
1097 2492 1182 2562 dicti
1226 2504 1320 2565 sunt.

126 2624 270 2714 Quibus
311 2623 510 2696 rationibus
559 2620 762 2720 refragetur
815 2620 961 2718 quidem
1018 2621 1215 2713 Vitruvius,
1258 2623 1322 2722 qui

125 2752 331 2825 denticulos
365 2754 411 2825 de
445 2777 603 2826 asserum
639 2753 835 2828 intervallis
868 2753 1027 2848 'explicat
1037 2760 1064 2840 ⁴,
1100 2757 1164 2827 sed
1194 2755 1322 2830 suffre-

124 2894 263 2982 gnntur
315 2895 557 2956 monumento.
625 2885 724 2957 Nem
774 2887 810 2956 in
860 2885 1102 2957 monumentis
1152 2886 1322 2976 Persicis,

126 3021 344 3107 Telmissiis,
384 3022 543 3114 denique
576 3022 716 3116 porticu
752 3022 890 3094 minore
926 3020 1119 3094 Erechthei
1152 3023 1322 3097 denticuli

126 3151 247 3246 ipsius
273 3150 424 3244 zephori
445 3151 563 3221 locum
590 3157 896 3244 occupaverunt.”

209 3297 395 3370 “Tectum
442 3296 609 3368 cellarum
651 3296 794 3380 decidit,
832 3305 943 3391 etque
985 3295 1024 3365 in
1068 3320 1142 3368 unu
1181 3300 1323 3392 porticu

130 3428 367 3526 Caryatidum
383 3426 563 3522 integrum
581 3426 700 3498 adhuc
716 3434 837 3498 restet.
877 3423 1142 3500 Lucunnribus
1159 3441 1325 3502 ornatum
1354 3513 1361 3520 ,

133 3566 192 3630 est
219 3557 287 3628 hoc
315 3553 508 3650 quadratis,
536 3571 619 3648 quae
646 3555 682 3624 in
709 3554 894 3648 superiore
917 3565 1020 3648 perte
1048 3557 1326 3648 contrahuntur,

132 3689 248 3761 ternis
264 3685 428 3783 cymatiis
446 3695 484 3756 et
500 3685 644 3781 quadris
667 3683 881 3778 descriptu⁵.
934 3683 1026 3773 Quae
1036 3686 1114 3783 jem
1130 3687 1327 3786 AEschylus

132 3819 174 3888 in
215 3816 374 3888 thalamo
417 3814 658 3887 construendo
701 3810 861 3892 adhibita
900 3815 1089 3909 perspicue
1127 3817 1330 3915 designavit

179 4118 187 4149 ¹
211 4113 299 4171 wilk.
320 4111 426 4169 Athen.
448 4129 475 4183 p.
493 4106 561 4166 206.
603 4109 708 4166 Stuart.
764 4109 848 4166 s.11.
871 4128 898 4182 p.
910 4113 979 4177 499.
993 4112 1062 4174 591.

134 4209 223 4267 11.2.
245 4204 284 4281 pl.
301 4211 330 4262 t.
801 4201 812 4232 ⁴
834 4202 995 4258 Vitruvium
1022 4202 1051 4256 in
1073 4219 1107 4256 ee
1130 4217 1160 4255 re
1179 4200 1282 4261 fulsum
1304 4219 1333 4266 et

180 4301 259 4357 'De
288 4297 373 4354 scutis
400 4296 435 4354 cl.
463 4295 549 4369 Eurip
577 4293 712 4350 Erechtb.
763 4296 798 4351 eb
825 4313 859 4351 eo
885 4294 1098 4351 discendendurn
1123 4309 1195 4368 esse,
1222 4300 1332 4374 judicat

132 4404 244 4477 sregm.
257 4395 288 4454 6.
309 4415 337 4468 p.
352 4401 422 4456 445.
445 4393 533 4450 Beck.
756 4387 839 4448 llirt.
853 4388 872 4443 l.
886 4395 912 4445 1.
934 4406 962 4462 p.
976 4384 1042 4446 106.

180 4488 333 4566 'Egregie
345 4487 389 4546 *de
410 4505 444 4546 eo
468 4483 598 4544 Clsrkius
622 4483 655 4544 P.
675 4483 714 4540 ll.
788 4477 815 4514 ·⁵
836 4479 941 4541 stunt.
954 4479 993 4555 pl.
1010 4487 1057 4538 18.
