3250 5350
865 434 937 497 314
1273 432 1428 525 [Cruss.
1448 443 1491 507 v.

296 580 609 655 concelebrabant.
660 584 815 681 Hyeme,
835 600 875 660 ut
892 614 936 661 ex
954 588 1173 688 Thucydide
1192 619 1301 691 supra
1318 602 1492 671 advocato

295 736 405 819 patet,
434 726 566 798 Delum
601 728 803 803 lustrabant
837 733 1082 806 Athenienses
1115 746 1151 808 et
1184 750 1312 835 postea
1344 741 1494 813 Deliaca

295 854 604 953 redintegmbant,
644 860 776 930 mensis
815 861 1074 959 Thargelionis
1118 877 1219 937 sexto
1265 870 1493 966 septimoque

295 985 434 1073 diebus,
476 990 504 1061 si
544 990 708 1062 Biiclrhio
742 989 847 1063 fidem
882 993 1046 1079 adhibes,
1085 998 1171 1092 quia
1204 999 1253 1070 illi
1289 1002 1421 1072 Dianae
1456 1012 1493 1073 et

292 1119 472 1213 Apollinis
499 1119 638 1193 natales
663 1119 740 1191 dies
767 1121 923 1193 essem&
975 1124 1070 1196 “Ad
1096 1126 1301 1202 tolerandos
1327 1144 1491 1225 sumptus

293 1250 356 1343 qui
387 1251 422 1320 in
445 1250 489 1322 iis
511 1250 667 1323 cultibus
692 1250 831 1322 fiebant
857 1252 1014 1339 maximi,
1043 1255 1333 1352 quotiescunque
1358 1260 1492 1330 rediret

292 1382 481 1481 religionis
527 1382 727 1470 celebritas,
771 1384 878 1456 toties
926 1386 962 1455 in
1009 1387 1284 1458 commentarios
1331 1388 1491 1459 retulere

293 1512 359 1585 viri
393 1514 427 1583 ei
459 1514 609 1609 negotio
643 1511 805 1605 praefecti
841 1511 1015 1608 quicquid
1057 1526 1119 1585 aut
1156 1538 1202 1585 ex
1246 1513 1333 1585 fisco
1372 1538 1489 1601 sacro,

292 1656 356 1717 aut
380 1670 427 1717 ex
453 1645 680 1741 singulorum
707 1644 930 1740 patrimoniis
961 1656 1024 1715 aut
1052 1668 1096 1716 ex
1125 1668 1199 1717 aere
1226 1647 1487 1730 damnatorum,

231 1775 234 1784 ’
293 1796 361 1845 usu
394 1781 431 1843 et
462 1771 676 1843 auctoritate
710 1770 857 1866 publica
891 1774 1190 1867 suppeditaretur.
1235 1774 1291 1845 Ea
1325 1797 1413 1845 cura
1442 1776 1488 1845 ad

294 1900 534 1972 Athenienses
549 1899 965 1994 praecipue-spectasse
986 1900 1127 1971 videtur
1141 1900 1191 1969 ².”
1237 1899 1283 1970 ln
1303 1899 1487 1971 marmoris

294 2030 406 2102 nostri
438 2028 532 2101 facie
565 2027 681 2123 prima
716 2041 964 2103 memorantur
998 2053 1079 2102 cum
1113 2030 1276 2103 civitates
1309 2040 1386 2101 tum
1417 2030 1488 2125 pri·

294 2164 363 2237 vati
378 2193 389 2250 ;
425 2166 598 2258 quantum
631 2164 678 2233 ad
712 2164 806 2233 hanc
835 2163 1048 2260 religionem
1083 2162 1218 2259 singuli
1257 2162 1487 2247 contulerint,

294 2302 469 2389 quantum
493 2289 654 2364 nonnulli
673 2289 899 2362 Delictorum
923 2290 1068 2362 nomine
1096 2288 1241 2375 luerint,
1263 2300 1301 2361 et
1317 2290 1487 2385 denique,

293 2422 447 2495 Reditus
473 2421 576 2493 sacri.
619 2420 661 2492 ln
689 2421 796 2517 hujus
818 2420 938 2491 lateris
967 2418 1106 2515 reliqua
1134 2429 1238 2515 parte
1262 2420 1308 2489 de
1333 2419 1488 2513 pecunia

293 2550 456 2645 impensa
472 2549 603 2647 agitur.
642 2548 845 2619 “Secunda
861 2548 971 2619 facies
990 2549 1035 2619 de
1052 2548 1160 2620 lentis
1177 2548 1384 2621 nominihus
1400 2550 1485 2645 agit,

293 2691 331 2753 et
346 2681 508 2754 similiter
523 2705 544 2752 a
564 2679 726 2774 Rebusp.
744 2678 894 2765 orditur,
913 2681 1043 2751 deinde
1067 2679 1286 2776 privatorum
1304 2680 1489 2750 hominum

293 2812 451 2884 rationes
473 2809 640 2903 pertexit,
668 2833 820 2904 quorum
849 2832 930 2880 cum
958 2811 1031 2880 duo
1047 2808 1119 2878 sint
1139 2831 1289 2903 genera,
1309 2818 1373 2878 aut
1392 2808 1489 2878 enim

294 2942 331 3012 in
367 2951 502 3033 partem
539 2950 638 3010 eraut
675 2939 823 3013 obserati
855 2949 919 3011 aut
953 2939 989 3010 in
1021 2938 1186 3026 solidum,
1228 2938 1309 3010 illos
1339 2963 1360 3008 a
1394 2936 1491 3010 linea

294 3072 408 3168 prima
425 3072 471 3141 ad
488 3079 623 3142 sextam
644 3083 823 3156 recenset,
850 3083 921 3150 ΤΟ
941 3080 1082 3147 roto
1102 3080 1171 3147 Οκ
1194 3081 1260 3147 ΑΙ·Ι
1269 3079 1488 3154 ΕΔΟΣΑΝ;

292 3201 402 3277 hosa
428 3209 529 3271 sexta
553 3200 601 3313 ad
617 3199 826 3297 vigesimam
852 3212 889 3272 et
908 3201 1061 3289 tertiam,
1085 3211 1193 3278 ΤΟΝ
1220 3209 1396 3278 Toron
1423 3211 1490 3280 or

295 3340 576 3409 ΑΡΕΔΟΣΑΝ.
630 3329 717 3400 Post
750 3329 1013 3424 aliquantulum
1050 3333 1153 3430 spatii
1189 3333 1302 3404 literis
1338 3355 1488 3404 vacuum
1577 3429 1578 3433 Ἰ

293 3457 470 3542 relictum,
497 3468 534 3527 et
562 3478 689 3528 exorsa
716 3455 813 3529 linea
844 3457 1017 3553 vigesima
1043 3469 1081 3530 et
1119 3471 1256 3554 quarta,
1290 3457 1489 3530 instituitur
1576 3505 1577 3519 ,

294 3613 387 3664 nova
420 3589 589 3683 periodus
624 3611 708 3682 quas
742 3587 788 3658 de
825 3585 964 3658 mulctis
996 3587 1034 3658 in
1059 3587 1201 3686 judicio
1237 3589 1488 3663 damnatorum
1575 3584 1576 3607 ¹

294 3722 454 3794 nondum
480 3727 600 3790 tamen
620 3716 809 3812 persolutis
826 3717 915 3814 agit,
944 3741 1017 3814 qua
1033 3717 1223 3790 desinente
1242 3715 1266 3787 l.
1290 3729 1365 3804 30,
1393 3717 1488 3790 simi-

293 3839 376 3930 liter
425 3856 495 3927 alia
526 3861 621 3949 'quae
665 3853 841 3925 redituum
885 3877 1066 3926 sacrorum
1109 3876 1268 3936 censum,
1311 3853 1486 3952 Apollinis

293 4011 424 4082 nempe
448 3983 717 4081 patrimonium,
744 3982 934 4057 instituere
964 3983 1169 4064 videtur³.''

366 4122 538 4196 ΤΟΚΟΣ
567 4113 626 4185 hic
666 4111 855 4186 manifesto
892 4115 936 4186 de
975 4114 1117 4194 foenore
1156 4111 1322 4209 pecunia
1364 4121 1485 4184 mutuo

290 4247 385 4326 datae
412 4242 546 4315 eliseo
572 4265 674 4335 sacro
700 4240 842 4315 dicitur.

330 4501 340 4532 ¹
362 4495 773 4574 nug.Laertrr.m.111.n
862 4495 873 4528 ¹
893 4497 1048 4588 Taylonp.
1065 4505 1110 4558 10.
1192 4497 1205 4530 ⁸
1225 4496 1341 4574 Tsylor.
1354 4514 1384 4572 p.
1400 4501 1444 4554 10.
