3250 5350
864 471 912 534 38
1263 462 1416 557 [Cusas.
1434 467 1485 534 ll.

288 643 445 728 Dores¹‚
488 641 683 724 Achaeos⁹‚
738 639 990 724 Mantincosl,
1039 621 1228 738 Argivos⁴,
1270 639 1486 736 Delphios⁸.

289 771 447 844 Summis
472 794 562 868 ergo
590 771 859 868 magistratibus
887 770 981 842 inter
1008 768 1115 844 Eleos
1141 794 1289 867 quoque
1319 780 1487 868 Δημωυρ-

289 936 363 998 'you
389 901 502 976 fuisse
527 901 663 972 nomini
694 903 815 974 credo.
858 900 1022 974 Proclive
1049 901 1193 996 quidem
1225 899 1324 973 dictu
1357 911 1422 988 est,
1447 908 1489 972 et

289 1032 526 1134 proculdubio
557 1032 744 1106 verissime
776 1031 847 1110 dici
881 1038 1011 1128 potest,
1037 1030 1259 1106 mutationes
1288 1031 1326 1104 in
1360 1033 1487 1104 robus-

289 1164 441 1263 publicis
466 1163 662 1260 saepissime
689 1162 802 1236 factas
825 1187 916 1250 esse,
942 1161 1144 1234 nereidem
1171 1163 1308 1238 civitati
1335 1167 1485 1238 eosdem

289 1317 432 1390 semper
457 1293 685 1392 magistratus
709 1291 912 1387 prefuisse.
964 1291 1035 1364 Sed
1062 1291 1160 1364 nullo
1184 1304 1277 1366 teste
1293 1294 1485 1398 adhibito,

222 1525 225 1529 γ
289 1425 353 1499 vix
378 1424 467 1498 illud
491 1447 629 1520 ponere
654 1422 752 1508 licet,
779 1422 981 1494 Archontes
1006 1419 1156 1508 scilicet,
1186 1423 1317 1496 summi
1349 1447 1484 1498 nornen

289 1557 434 1632 honoris
464 1556 561 1630 inter
587 1555 707 1642 Eleos,
731 1552 988 1652 rempublicam
1015 1576 1145 1652 gerere
1172 1543 1370 1652 aliquando
1402 1579 1485 1630 csse

289 1689 425 1783 solitos.
477 1679 575 1777 Quid
600 1687 629 1759 si
655 1681 784 1767 δεκατοι
804 1709 872 1782 pro
891 1680 986 1757 lexa
1012 1715 1065 1758 τοι
1094 1685 1248 1781 positum
1271 1697 1484 1775 statuamus,

289 1832 479 1918 totumque
494 1818 613 1892 locum
630 1820 700 1892 hoc
720 1822 826 1892 modo
851 1817 1032 1916 explicare
1049 1827 1229 1894 tentemus
1243 1846 1253 1905 ;
1276 1851 1377 1916 αρχοι
1393 1817 1429 1892 le
1442 1851 1487 1893 ra

289 1985 353 2040 τοι,
371 1952 393 2024 i.
404 1975 438 2024 e.
465 1948 565 2049 ἄρχοι
589 1947 649 2026 risis
674 1952 798 2046 τούτῳ,
823 1951 973 2026 articulo
995 1957 1044 2044 τῷ
1069 1974 1119 2024 sc.
1136 1973 1202 2046 pro
1219 1950 1332 2046 τούτῳ
1350 1953 1485 2048 posim,

291 2094 329 2156 et
343 2105 432 2155 voce
447 2078 518 2154 ἔτει
535 2081 739 2170 subaudita,
758 2079 920 2177 quemvis
946 2103 1075 2154 vercor
1093 2092 1133 2154 ut
1150 2080 1218 2154 ista
1232 2082 1372 2178 phrasis
1388 2083 1487 2158 bene

290 2218 424 2290 Graeca
449 2215 507 2290 sit.
558 2215 661 2290 Infra
683 2217 829 2316 quidem
858 2251 917 2290 ται
943 2243 1007 2314 pro
1032 2251 1144 2323 ταυτῃ
1165 2219 1322 2317 legitur3
1359 2231 1397 2294 et
1424 2222 1487 2296 rix

289 2349 369 2423 lieri
385 2348 608 2445 potuitquiu
630 2348 791 2438 foederis,
809 2350 907 2445 quod
924 2359 1065 2448 tempus
1079 2361 1249 2424 statutum
1270 2353 1485 2426 duraturum

288 2490 396 2568 esset,
422 2478 563 2552 initium
599 2491 698 2552 recte
731 2480 1020 2553 constitueretur.
1072 2481 1131 2553 lto
1172 2482 1209 2554 in
1245 2481 1486 2579 inscriptione

288 2614 536 2689 Orchomenia
565 2614 673 2690 tertia
697 2614 759 2686 ubi
777 2635 896 2689 sermo
920 2625 975 2688 est
992 2617 1037 2689 de
1061 2614 1195 2691 Eubuli
1215 2595 1379 2713 estrepiq,
1404 2621 1488 2695 haec

289 2750 473 2823 habemus.
518 2744 634 2846 Ἅρχει
649 2754 699 2819 r&
724 2748 837 2844 χρόνω
852 2748 871 2821 ὁ
889 2751 1033 2827 {stauros
1047 2752 1134 2837 uersi
1163 2749 1314 2850 ἄρχοντα
1336 2787 1367 2825 rr.
1383 2788 1420 2828 τ.
1435 2752 1488 2829 λδ.

290 2878 375 2954 Nec
390 2878 519 2953 minori
533 2877 726 2975 diligentia
741 2877 883 2951 initium
897 2880 1124 2953 induciarum
1135 2881 1230 2955 inter
1240 2883 1490 2959 Athenienses

288 3024 328 3089 et
352 3010 649 3087 Iacedoemouios
676 3011 801 3084 statuit
816 3011 1053 3111 Thucydides
1068 3014 1089 3085 ⁷.
1142 3014 1284 3114 Nescio
1298 3042 1346 3095 au
1365 3042 1491 3114 operae

288 3146 443 3243 pretium
473 3142 522 3215 sit
546 3164 743 3216 memorare
771 3138 901 3219 lexa-err
930 3144 967 3216 in
996 3146 1120 3219 eadem
1160 3146 1291 3219 inscr⁸.
1344 3146 1492 3221 Orcho·

274 3277 410 3350 menis
434 3298 502 3370 pro
518 3270 543 3345 l
559 3308 600 3347 αν
618 3305 669 3351 τις
686 3298 888 3349 occurrere.
942 3276 1150 3349 Boethium
1179 3288 1302 3351 noster
1321 3277 1441 3351 locum
1466 3304 1491 3352 a

232 3410 238 3415 “
289 3406 449 3491 nemine,
474 3414 513 3476 ut
534 3404 610 3500 ipse
627 3404 834 3492 verissume,
852 3404 936 3477 satis
963 3405 1181 3500 explicatum
1213 3430 1286 3478 non
1315 3404 1452 3503 tetigit.

365 3536 409 3608 L.
420 3548 455 3606 4.
483 3542 621 3633 Fapyov.
651 3542 772 3634 Psppm
796 3558 939 3631 semper
955 3535 1049 3631 apud
1079 3535 1290 3609 Homerum.
1329 3544 1490 3631 “utsupra

291 3678 411 3767 Pappa,
445 3680 482 3744 et
516 3670 568 3743 sic
596 3670 812 3745 sexcenties.
839 3669 886 3741 cf.
908 3670 964 3742 ad.
996 3678 1136 3759 F.77.”
1188 3670 1325 3769 Hsynii
1365 3670 1490 3744 verbis

288 3812 382 3877 utor.
448 3800 671 3875 Conferendi
713 3822 861 3899 quoque
908 3800 1058 3873 Kiddius
1108 3812 1145 3875 et
1189 3801 1236 3873 R.
1259 3802 1299 3875 P.
1330 3800 1488 3901 Knight.

330 4106 340 4137 ¹
361 4098 407 4160 Cf.
423 4098 554 4159 Eustetb.
565 4098 601 4156 sd
613 4098 719 4175 Odyss.
730 4115 756 4173 p.
771 4102 859 4157 1825.
950 4096 961 4129 ⁶
984 4100 1098 4159 Luciau.
1112 4100 1141 4159 in
1158 4102 1272 4161 l'holsr.
1281 4102 1320 4161 11.
1335 4104 1370 4160 od
1386 4102 1450 4163 init.

291 4193 772 4271 Hesych.Etym.M.etSuidamin
782 4210 859 4253 uoce.
948 4194 960 4227 ⁸
980 4196 1079 4259 Clark,
1095 4200 1162 4260 ltin,
1177 4200 1345 4261 Tom,V11,
1364 4220 1393 4275 p.
1407 4196 1477 4269 196.

328 4288 340 4321 ¹
361 4289 406 4349 ct.
428 4289 529 4367 Polyb.
544 4290 617 4347 Exc.
634 4289 733 4363 Legat.
745 4306 859 4350 xuvrr.
952 4288 963 4322 ²
982 4292 1111 4373 Thucyd.
1126 4296 1164 4352 V.
1183 4304 1229 4365 19.

291 4385 551 4445 Liu.xxx11.22.
570 4392 796 4450 xxxvrrr.80.
950 4386 1091 4448 'thkh
1136 4392 1204 4447 tiber
1236 4390 1280 4447 die
1319 4390 1498 4449 Stasthous·

330 4486 343 4518 ³
362 4480 494 4557 Thucyd.
506 4482 545 4540 V.
560 4488 609 4548 47.
911 4482 1029 4561 haltung
1043 4485 1091 4542 der
1105 4486 1241 4545 Athener.
1255 4484 1295 4546 11.
1308 4504 1338 4560 p.
1347 4491 1418 4553 391.

329 4573 340 4604 ⁴
361 4571 493 4635 Euststh.
508 4576 553 4634 ubi
565 4594 658 4651 supra.
951 4574 1067 4656 'Heym
1085 4578 1246 4641 inurent
1269 4580 1351 4643 llisd.
1365 4580 1401 4641 T.
1415 4586 1497 4645 884.
