3250 5350
599 503 941 558 PROLEGOHM·
1316 503 1362 554 Χῖ

20 655 21 670 ’
163 682 252 742 esse,
278 671 317 732 et
339 659 398 732 dei
420 669 565 755 sceptro
589 658 646 733 rel
668 662 829 734 caduceo
848 660 1069 748 adhaesisse3
1104 685 1178 758 qua
1201 661 1362 757 mysticae

162 790 349 888 religionis
375 789 584 888 allegoriam
606 790 722 863 cuivis
747 792 1023 888 deprehendere
1049 791 1172 866 licet”

236 919 434 994 verissime
482 944 631 1015 quoque
677 923 723 994 de
768 922 836 994 hac
889 947 929 995 re
981 947 1101 1019 nuper
1152 924 1362 998 Fridericus

161 1049 424 1124 Tlriersclrius¹.
478 1051 699 1125 “Nimirum
719 1073 950 1147 quecunque
967 1053 1098 1126 vetusti
1121 1055 1189 1126 aevi
1213 1053 1363 1150 inscrip-

163 1179 279 1252 tiones
315 1182 478 1266 vasculis,
515 1183 646 1268 numia,
677 1181 738 1253 eri
783 1191 893 1279 atque
932 1183 1101 1255 marmori
1142 1183 1275 1255 addite
1314 1185 1362 1256 od

72 1411 75 1416 Ι
163 1325 318 1386 nostram
342 1318 550 1390 memoriam
576 1339 789 1411 peruenere,
811 1339 868 1388 ere
894 1339 1020 1388 omnes
1037 1318 1180 1402 docent,
1205 1325 1362 1412 quatuor

163 1455 198 1516 et
237 1445 367 1543 viginti
406 1447 590 1520 litemrum
626 1448 838 1541 scripturam
872 1447 1015 1543 populis
1048 1446 1202 1518 subinde
1241 1457 1361 1520 naum

161 1585 271 1670 atque
322 1587 500 1672 receptam
550 1601 630 1650 csse
676 1585 714 1648 et
754 1599 877 1648 errare
923 1576 999 1663 bos,
1049 1576 1112 1673 qui
1151 1575 1361 1647 Graecarum

162 1705 344 1778 literarum
380 1707 543 1804 origines
579 1731 624 1778 ac
659 1729 873 1804 progressus
898 1706 946 1776 od
979 1715 1079 1777 certa
1113 1717 1277 1800 tempora
1306 1728 1361 1777 re·

161 1859 289 1909 vocare
313 1837 491 1933 clarisque
518 1837 726 1908 nominibus
748 1837 952 1934 adjungere
976 1835 1178 1908 laborent.”

234 1964 327 2036 Cum
351 1989 444 2062 ergo
465 1965 647 2038 literarum
676 1964 894 2036 Graecarum
922 1973 1042 2036 ortum
1066 1975 1269 2036 monstrare
1295 1987 1360 2036 ne-

162 2115 349 2188 queamus,
369 2093 457 2164 nibil
473 2093 595 2166 utilius
611 2093 777 2190 futurum
796 2093 938 2168 videtur
955 2119 1064 2191 quam
1087 2095 1118 2168 si
1135 2095 1359 2192 singularum

158 2222 425 2318 antiquissimas
453 2225 584 2296 formas
609 2247 674 2296 suo
701 2223 829 2296 ordine
855 2225 1102 2298 exhibeamus.
1154 2223 1263 2312 Quod
1281 2225 1360 2320 qui·

161 2353 240 2426 dem
260 2377 329 2448 pm
347 2354 439 2426 virili
464 2355 500 2426 in
527 2353 658 2426 tabulis
687 2369 699 2424 1
734 2365 771 2425 et
791 2369 812 2426 2
830 2353 1060 2427 efficiendum
1083 2351 1219 2424 curavi.
1260 2353 1360 2442 Ques

160 2491 282 2556 autern
309 2493 549 2580 anteaquam
583 2483 716 2556 [ector
747 2483 927 2578 inspiciat,
955 2481 1204 2554 admonendus
1234 2492 1359 2553 estne

160 2612 294 2684 exinde
321 2611 490 2709 araJ'orem
519 2612 677 2686 fructum
705 2637 811 2711 quarn
832 2634 959 2686 revera
983 2611 1102 2697 liceat,
1126 2633 1205 2683 sese
1233 2609 1360 2683 collec-

161 2754 281 2815 tarum
306 2766 389 2815 esse
407 2755 543 2839 speret.
598 2742 903 2839 Inscriptionibus
926 2740 1061 2835 quibus
1086 2738 1125 2811 in
1153 2740 1209 2811 his
1231 2738 1361 2811 tabulis

162 2873 397 2945 conficiendis
424 2898 511 2945 usus
541 2898 619 2945 sum
651 2874 746 2944 baud
774 2871 942 2944 omnibus
973 2870 1100 2942 eadem
1129 2868 1219 2940 fides
1248 2866 1361 2941 tribu·

26 3016 29 3025 ⁴
164 3006 255 3075 enda
273 3014 340 3075 est.
384 3002 536 3101 Sigeum
557 3002 720 3075 videlicet
736 3004 969 3073 decantatum
985 2999 1073 3072 illud
1092 3022 1246 3070 marmor
1258 2996 1361 3095 Sigei

163 3132 260 3224 parri
283 3142 395 3227 atque
418 3131 645 3226 municipalis
663 3130 785 3227 oppidi
811 3131 1019 3227 inscriptum
1037 3140 1106 3201 eat.
1160 3128 1252 3217 Quis
1269 3151 1361 3223 ergo

162 3258 211 3329 ita
240 3260 455 3355 inscriptum
487 3270 622 3333 certam
659 3284 738 3333 esse
772 3260 880 3333 fidem
913 3260 1151 3333 contenderet
1179 3267 1220 3329 ut
1245 3256 1362 3329 Asue-

164 3392 342 3463 niensium
362 3390 557 3462 limatiores
575 3390 672 3463 oculi
690 3390 810 3463 omnia
829 3389 1102 3485 approbarent?
1142 3389 1250 3478 Quod
1267 3388 1362 3460 idem

28 3599 32 3605 ,
163 3522 208 3593 de
234 3521 423 3593 leucadio
446 3520 565 3615 lapide
592 3522 728 3594 dictum
751 3534 852 3618 puta.
905 3522 962 3595 lta
987 3545 1134 3618 quoque
1159 3544 1241 3594 cum
1268 3522 1360 3609 Elei,

162 3672 235 3747 quo
266 3664 433 3747 tempore
466 3650 595 3723 Eleum
626 3651 711 3725 illud
741 3652 862 3725 foedus
897 3652 1065 3725 marmori
1095 3652 1267 3725 traditum
1300 3653 1357 3739 sit,

162 3806 272 3877 parva
304 3782 553 3881 ignobilisque
585 3804 678 3879 gens
711 3794 842 3871 essent,
876 3784 936 3855 vix
965 3784 1193 3856 statuendum
1226 3784 1360 3855 formas

159 3908 346 3985 literarum
374 3935 458 4009 quie
482 3914 519 3985 in
544 3912 605 3983 illo
640 3913 922 4008 conspiciuntur,
950 3938 1111 4011 unquam
1133 3938 1360 4010 peromnem

161 4042 344 4117 Groeciam
383 4043 548 4117 valuisse.
609 4040 733 4141 Major
768 4054 891 4115 autem
931 4044 1021 4115 tides
1063 4042 1359 4137 inscriptionibus

161 4173 362 4271 Olympicis
387 4184 425 4245 et
450 4172 735 4245 Atheniensibus
761 4175 953 4247 manifesto
978 4172 1171 4247 tribuenda
1196 4183 1261 4245 est.

234 4305 323 4378 Nec
341 4315 463 4378 tamen
480 4305 538 4395 vel
558 4304 614 4376 his
631 4304 687 4377 vel
706 4306 927 4399 quibuslibet
941 4305 1021 4379 aliis
1037 4305 1145 4377 nimie
1163 4304 1357 4378 fidendum.

254 4536 262 4613 ξ
285 4532 431 4589 Thierscb.
452 4534 519 4591 Act.
544 4532 644 4590 Philol.
670 4534 785 4592 Monac.
807 4531 893 4593 Tom.
907 4553 946 4595 11.
969 4536 1051 4597 Fasc.
1068 4554 1123 4594 rrr.
1144 4555 1172 4609 p.
1188 4540 1258 4600 409.
