3250 5350
147 506 276 573 lusos.
296 498 347 593 1.]
732 513 755 572 3

145 679 328 752 dicuntur.
380 674 490 754 Circa
518 681 695 776 sepulcra,
734 707 886 778 quorum
913 685 1081 756 custodes
1103 707 1181 758 esse
1212 685 1338 760 crede-

146 810 294 894 huntur,
315 808 504 905 imprimis,
519 819 644 905 postea
656 821 779 884 autem
795 819 881 884 ante
896 811 1111 906 templorum
1129 810 1338 908 ediumque

146 940 257 1025 fores,
282 938 383 1026 vicis,
416 937 496 1026 viis,
521 941 700 1034 compitis,
725 940 955 1012 sistebantur.
1009 939 1182 1014 Athenis¹
1205 941 1340 1014 inventi

144 1081 272 1164 postea
301 1069 460 1144 edatius
488 1069 596 1143 urbes
624 1071 785 1144 translati
812 1069 925 1144 fuisse
955 1071 1134 1145 feruntur.
1186 1069 1340 1144 Hermas

146 1201 280 1272 multos
315 1223 389 1272 sere
423 1221 616 1294 expressos
649 1199 770 1272 videre
799 1199 918 1272 estin
955 1199 1079 1274 Musei
1108 1197 1340 1296 Worsleyeni

146 1329 262 1402 classe
301 1328 484 1414 secundm
527 1351 620 1401 unus
657 1339 695 1400 et
731 1330 825 1402 ulter
866 1329 903 1400 in
952 1325 1086 1403 Museo
1127 1327 1339 1404 Britannico

145 1473 390 1534 asservantur.

186 1629 194 1638 ·
222 1603 284 1678 De
314 1604 467 1678 disiecto
496 1604 738 1700 inscriptionis
770 1605 980 1703 ambigitur,
1007 1617 1044 1678 et
1070 1605 1180 1678 multu
1205 1603 1252 1676 de
1280 1603 1336 1678 Si-

143 1759 300 1834 georum
341 1745 422 1808 ortu
456 1735 698 1830 disputantur.
751 1733 914 1833 Sigeum,
959 1744 999 1806 ut
1034 1733 1229 1824 videtum
1264 1733 1340 1808 Mi·

142 1865 337 1964 tylenreis'
358 1867 555 1954 conditum,
582 1865 791 1940 Pisistratus
813 1865 881 1939 sub
900 1864 1176 1940 Atheniensium
1201 1862 1339 1937 ditione

142 1991 298 2088 redegit.
367 1989 453 2064 Nec
490 1991 539 2064 itti
573 1993 665 2064 citra
705 1991 788 2064 hetti
827 1993 1018 2066 discrimen
1055 2003 1230 2078 tenuere,
1275 1991 1336 2064 diu

140 2121 242 2191 enim
265 2119 393 2191 iiscum
426 2117 632 2217 Mitytemei
660 2122 706 2194 de
733 2119 825 2193 urhe
852 2121 948 2194 bello
973 2121 1212 2196 decerttrunt.
1264 2119 1339 2194 Sed

138 2250 224 2321 lites
259 2249 405 2322 tandem
440 2272 464 2318 a
499 2245 701 2322 Periandro
734 2249 944 2344 composite
981 2261 1076 2337 sunt,
1115 2259 1154 2324 et
1186 2247 1338 2349 Sigeum

138 2377 211 2450 sub
244 2375 525 2449 Atheniensium
556 2375 694 2450 ditione
724 2376 881 2450 munsit⁸.
934 2377 1153 2466 Pisistratus,
1179 2388 1220 2452 ut
1243 2380 1338 2453 veri·

137 2509 261 2582 simite
297 2519 364 2594 est,
408 2509 583 2604 oppidum
630 2509 856 2608 Mitylenaeis
900 2511 1032 2607 eripuit
1072 2512 1168 2586 eirca
1198 2535 1336 2586 annum

138 2643 326 2723 s.c.570.
394 2633 467 2709 Sed
509 2636 596 2733 quid
641 2635 720 2711 hrec
763 2637 885 2711 omnia
914 2638 961 2711 sd
993 2637 1089 2713 rem?
1135 2637 1194 2713 De
1227 2647 1337 2715 aetate

137 2766 392 2863 inscriptionis
420 2765 512 2862 nihil
547 2766 633 2841 satis
661 2778 798 2841 certum
827 2768 980 2867 proferri
1012 2780 1149 2867 potest,
1179 2772 1276 2869 quod
1307 2772 1337 2845 si

134 2898 383 2993 proferretur,
420 2895 494 2993 qud
525 2896 687 2970 Deorum
721 2922 791 2994 ope
825 2899 915 2973 scire
942 2924 1132 2996 possumus
1165 2900 1336 3001 Sigeisne

134 3025 400 3121 imperaverint
432 3024 677 3097 Athenienses
713 3048 760 3097 ne
796 3028 883 3121 quid
922 3026 1038 3124 patrii
1080 3026 1206 3125 tingui
1247 3028 1336 3101 scri·

134 3153 296 3227 herent?
339 3175 414 3247 quo
454 3167 601 3224 auctore
649 3152 892 3250 intelligimus,
934 3155 1149 3250 praesidione
1193 3162 1335 3227 tantum

132 3282 321 3379 imposito,
377 3280 503 3353 urbem
554 3304 697 3377 semper
742 3282 986 3357 Athenienses
1043 3284 1237 3369 tenuerint,
1286 3306 1335 3355 an

131 3435 183 3483 ex
195 3407 357 3481 Athenis
373 3407 494 3480 multae
511 3408 656 3481 fumitioe
678 3409 828 3507 Sigeum
844 3412 1171 3511 commigraverint,
1197 3432 1332 3496 secum,

130 3560 268 3612 novum
304 3533 479 3633 linguam,
509 3558 638 3618 mores,
674 3536 791 3609 cuitus
825 3536 1035 3613 inferentes.
1086 3539 1179 3629 Quae
1211 3539 1333 3613 omnio

129 3668 164 3740 si
204 3666 396 3749 sciremus,
436 3662 507 3734 aliu
542 3672 662 3735 tamen
704 3674 742 3736 et
787 3666 921 3763 majora
963 3670 1159 3764 querenda
1201 3680 1332 3742 essent.

129 3794 253 3891 Sigei,
290 3800 416 3887 utpote
445 3790 481 3861 in
524 3813 634 3883 parvo
668 3790 946 3887 municipatique
982 3794 1114 3889 oppido
1145 3796 1331 3893 degentes,

171 4109 181 4139 ¹
208 4104 336 4161 Pausun.
354 4101 408 4159 iV.
432 4106 481 4158 33.
501 4098 584 4156 ‘tem
606 4100 636 4155 δὲ
660 4103 713 4169 τήν
763 4100 807 4157 rai
839 4104 918 4179 tropo*
944 4098 1054 4159 rosires
1087 4102 1278 4175 μεμαθήκασιν
1305 4112 1331 4163 oi

122 4191 712 4275 <impumtatisMa-,Amdmus'evh
762 4198 855 4255 ἄλλοι,

122 4297 157 4351 ἐν
185 4298 255 4348 mis
281 4290 381 4346 πύλαις
407 4288 522 4366 Ἑρμῆς,
545 4286 635 4368 τέχνη
660 4291 712 4359 τῆς
802 4342 813 4375 2
835 4339 917 4396 strab
943 4338 1016 4397 Xffl
1086 4342 1144 4409 599

123 4386 277 4453 Αττικῆς.
319 4386 543 4462 Ἀθηναῖωνγόμ
558 4387 596 4441 ‘rd
610 4387 711 4465 σχῆμα
920 4384 926 4397 '
1019 4359 1070 4414 ’p'
1146 4385 1153 4402 '

124 4482 168 4540 τό
183 4476 373 4558 τετμᾶγανόν
383 4476 515 4537 ε’στινέπὶ
530 4486 588 4535 τοῖς
599 4478 712 4556 Ἑρμαῖς
804 4485 815 4515 ⁸
836 4478 939 4537 Herod.
958 4480 995 4537 V.
1010 4486 1059 4552 94,
1073 4486 1121 4546 95.
