3250 5350
57 991 59 1050 i

57 1089 59 1176 ζ

158 469 271 532 Iuscn.
297 458 398 557 vtt]
713 477 779 538 tta

154 643 329 726 βολινθιους
366 643 495 712 vocari.
550 642 620 714 Sed
661 643 697 714 iu
732 646 800 716 boc
838 667 1013 716 marmore
1048 668 1118 718 vox
1149 665 1335 740 nunquam

154 791 191 838 eo
208 769 311 840 modo
329 768 508 840 scribitur.
560 769 639 842 'Per
667 771 827 844 occurrit
852 781 935 867 post
951 772 1108 845 dativum
1135 771 1337 870 Προτόρχῳ,

153 909 183 966 et
201 919 386 992 nunquam
414 897 575 993 pluribus
602 921 710 994 quam
745 899 913 971 undecim
947 899 1058 972 literis
1090 901 1192 972 iocus
1222 900 1334 974 relin-

153 1026 273 1120 quitur.
325 1026 409 1124 Ego
427 1027 570 1123 quidem
592 1051 734 1122 semper
759 1029 981 1122 Προβαλιθια
1000 1029 1109 1103 scribi
1125 1031 1247 1120 credo,
1268 1033 1336 1104 sed

57 1159 58 1256 t
153 1162 221 1226 cuin
253 1177 409 1226 marmor
437 1155 628 1228 admodum
656 1156 778 1228 tritum
810 1155 867 1242 sit,
894 1155 982 1228 iliud
1011 1157 1227 1232 confirmare
1260 1183 1336 1234 non

57 1343 58 1382 3
152 1285 267 1356 audeo.
343 1284 449 1378 Apud
490 1283 772 1358 Demosthenem
813 1296 942 1358 contra
978 1285 1175 1360 Neaeram¹
1213 1287 1335 1362 editur

57 1455 58 1492 ς
153 1415 398 1508 Προβαλαῖσιος,
424 1423 460 1484 et
478 1412 515 1483 in
536 1414 726 1508 Aphobutn
746 1414 775 1486 l.
809 1413 1049 1510 Προβαλίσιος.
1102 1415 1335 1511 Προβαλίσιος

57 1567 58 1632 3
152 1542 181 1612 in
220 1543 341 1638 priore
384 1542 463 1614 loco
506 1541 543 1614 in
580 1542 697 1615 Codd.
731 1543 826 1616 Ven.
866 1555 904 1615 et
945 1543 1030 1616 Bar.
1070 1544 1204 1642 legitur
1247 1557 1337 1619 teste

152 1669 304 1766 Tuyioro
337 1669 399 1765 qui
433 1669 541 1742 etiam
578 1683 700 1742 monet
726 1671 762 1742 in
789 1671 884 1742 saxis
912 1669 985 1768 legi
1011 1669 1067 1742 vei
1094 1672 1337 1766 Προβολοίσιω

57 1785 58 1878 i
151 1800 195 1871 vet
214 1801 456 1896 Προβαλίσιος.
511 1802 740 1896 Προβαλίσιος
766 1821 914 1896 quoque
934 1796 1104 1870 scribitur
1123 1799 1160 1869 in
1183 1797 1336 1892 inscrip-

152 1932 240 2004 tione
265 1930 363 2026 apud
390 1930 677 2002 cnandtemn'.

219 2061 260 2132 L.
285 2073 343 2129 21.
395 2057 491 2148 Quid
528 2057 760 2156 injiciendum
799 2070 880 2154 post
915 2067 1195 2136 ΠΡΟΤΑΡΧΟΙ
1237 2059 1334 2132 baud

57 2149 58 2224 i
152 2183 327 2283 expedio.'
361 2189 582 2282 Προβολιθιοι
618 2189 653 2258 in
688 2187 709 2258 Ι.
729 2202 786 2258 22.
820 2187 990 2259 occurrit.
1034 2187 1182 2260 Nomen
1214 2187 1335 2259 forsan

154 2319 254 2410 putris
291 2319 405 2413 (quod
439 2328 558 2389 tamen
594 2317 734 2413 ubique
761 2329 871 2390 antea
898 2315 1085 2409 omissum)
1120 2317 1179 2390 bic
1210 2318 1336 2416 injecit

154 2442 329 2540 Sculptor.

219 2579 304 2651 dam
334 2581 496 2676 sequitur
522 2581 599 2677 ipsa
631 2579 820 2675 inscriptio
848 2579 1009 2678 pristinae
1037 2579 1112 2652 tere
1139 2579 1336 2679 integritati

153 2710 318 2783 restituta.
385 2711 477 2783 Cum
520 2722 639 2785 tamen
677 2713 770 2783 baud
806 2722 914 2783 antea
946 2712 1044 2784 edita
1085 2712 1141 2801 sit,
1179 2712 1336 2811 ideoque

154 2838 269 2933 majori
286 2862 374 2912 cura
392 2850 511 2937 egeat,
539 2863 635 2912 meas
653 2840 879 2937 conjecturas
891 2866 1030 2926 omues,
1048 2845 1211 2939 quamvis
1227 2868 1338 2941 poene
1423 2877 1426 2882 >

154 2982 274 3059 certas,
312 2986 351 3045 ut
376 2975 490 3048 cuivis'
507 2975 777 3071 inscriptionem
799 2977 1002 3075 perlegenti
1020 2980 1167 3073 patebit,
1197 2979 1336 3053 uncinis

155 3099 285 3171 inclusi.
340 3102 553 3175 Notandum
581 3114 635 3177 est
664 3128 818 3177 marmor
843 3104 1024 3202 στοιχηδδν
1050 3106 1223 3201 scriptum
1249 3130 1338 3191 esse,

153 3225 230 3298 alias
260 3240 381 3301 autem
410 3230 523 3303 tineas
549 3231 626 3302 aliis
659 3233 771 3303 mutto
799 3233 983 3305 breviores
1006 3256 1096 3321 esse,
1121 3256 1228 3329 quam
1260 3256 1337 3307 rem
1390 3282 1394 3293 ·

154 3358 207 3430 vix
236 3361 273 3434 in
307 3362 377 3432 uilo
412 3362 482 3433 alia
516 3361 745 3457 inscriptione
780 3364 912 3434 notavi.
981 3362 1049 3433 His
1089 3372 1210 3433 autem
1250 3361 1336 3456 ipsis

153 3485 271 3561 diebus
301 3488 386 3561 mibi
421 3489 548 3561 allatus
577 3500 630 3561 est
658 3488 848 3561 fasciculus
877 3490 1013 3585 primus
1040 3512 1143 3561 novae
1169 3486 1333 3585 Sylloges

155 3612 442 3713 inscriptionum,
468 3628 616 3689 auctore
651 3617 799 3689 Osanno
829 3616 1037 3690 Professore
1071 3615 1239 3703 denensi,
1273 3616 1337 3713 qui

153 3766 264 3835 pauca·
276 3747 321 3817 de
341 3746 407 3816 bac
427 3768 464 3815 re
481 3745 674 3817 annotavit.
728 3745 905 3839 lmprimis
921 3746 1092 3842 ἸἐιγΙοτί8
1108 3756 1145 3815 et
1161 3743 1336 3817 Viscontii

152 3867 192 3938 de
225 3870 460 3943 marmoribus
490 3870 669 3967 στοιχηδόν
695 3872 876 3967 inscriptis
911 3874 1124 3946 sententiam
1164 3882 1337 3944 memorat

152 3992 200 4063 vir
222 3997 361 4077 doctus,
389 4019 463 4067 rem
488 4022 538 4069 sc.
568 3998 695 4070 t‘actam
721 4022 798 4071 esse
826 4014 865 4070 ut
890 4000 1100 4072 inviolabilis
1128 4007 1332 4072 servaretur

152 4143 360 4197 marmorum
392 4126 492 4211 fides,
521 4126 655 4221 quippe
691 4130 787 4221 quod
823 4128 1047 4223 inscriptioni
1074 4127 1123 4198 ita
1153 4126 1334 4223 dispositoe

188 4393 365 4452 ¹Demostb.
407 4414 430 4452 c.
470 4396 564 4453 Neaer.
595 4415 619 4469 p.
648 4402 714 4457 580.
807 4392 986 4452 'Chandien
1001 4395 1070 4449 Pars
1086 4394 1123 4449 11.
1138 4412 1164 4467 p.
1178 4404 1226 4453 30.

59 4574 60 4579 ἵ
150 4486 198 4559 (ed.
213 4486 307 4564 Tayt.)
808 4485 819 4515 ³
840 4487 953 4564 Taylor.
968 4488 1074 4546 Marm.
1090 4488 1194 4546 Sandv.
1212 4507 1238 4562 p.
1254 4493 1281 4544 3.
