3250 5350
896 510 917 568 8
962 603 966 612 ι
1294 500 1440 582 [Cnuss.
1461 499 1488 564 Ι.

373 681 547 761 Φανοδίκου
563 690 648 767 εἶμι
688 680 889 754 Phonodici
907 701 984 751 sum
1007 672 1165 770 (sutus).
1219 671 1329 746 Hunc
1347 674 1487 770 ellipsin

299 814 451 889 Groecos
483 813 631 885 omnino
664 810 805 883 nescire
838 817 942 903 putet
972 806 1173 882 ‘Bentleius
1244 806 1292 878 Et
1325 806 1489 900 prolecto

299 953 493 1018 rorarunt
525 941 707 1036 exempla.
775 941 922 1013 Σόλωνος
963 939 1097 1034 legitur
1137 939 1233 1030 opud
1271 934 1447 1030 Sponium
1464 929 1505 1006 ¹.'

299 1076 471 1152 Βασιλέως
513 1069 721 1169 Μιθριδάτου
758 1079 795 1142 el
829 1069 1000 1142 Βασιλέως
1034 1062 1219 1150 Nurouu'rlov
1251 1066 1346 1159 apud
1384 1064 1489 1136 Citis·

298 1198 479 1276 hullium’.
533 1199 770 1272 Philostratus
801 1194 929 1268 =hnbet
974 1196 1015 1266 τὸ
1060 1199 1121 1266 τοῦ
1164 1196 1396 1289 ἀποτροπῶν
1439 1219 1486 1268 sc.

297 1330 450 1426 ὄνομα·
973 1397 977 1410 ,
1377 1337 1379 1340 ’

312 1544 316 1550 ,
372 1459 508 1534 Eodem
537 1457 673 1552 ellipsis
702 1457 858 1532 occurrit
885 1457 980 1550 opud
999 1453 1095 1526 Ptin.
1116 1479 1250 1528 xxxrv.
1271 1467 1305 1525 5.
1360 1455 1485 1528 “Fuit

298 1582 513 1657 Hermodori
539 1580 688 1676 Ephesii
698 1584 718 1614 ’⁹
744 1605 795 1653 sc.
822 1590 952 1654 statua.
1005 1580 1112 1671 Quod
1137 1580 1166 1650 si
1185 1579 1314 1677 aliquis
1334 1581 1487 1676 lapidem

297 1721 460 1785 nostrum
488 1709 619 1794 στήλην
645 1708 880 1804 sepulcralem
906 1731 984 1782 esse
1004 1708 1279 1803 putet-aliquid
1313 1711 1488 1804 ponderis

298 1837 488 1915 sententiae
519 1835 647 1908 offeret
667 1838 764 1908 -brec
793 1837 927 1931 ellipsis
961 1836 1183 1910 conferendo
1225 1861 1276 1911 sc.
1310 1863 1392 1912 cum
1431 1840 1488 1913 illo

297 1971 534 2046 Etruscorum
560 1977 872 2040 monumentorum
900 1967 1089 2040 sententiae
1115 1967 1349 2064 pervulgato³

683 2091 861 2166 ΜΑΙΘΟ
891 2094 1005 2178 Art
1054 2140 1063 2158 .

297 2234 460 2308 Statuam
494 2235 568 2308 sisti
596 2236 815 2334 loquentem,
842 2258 862 2304 e
892 2232 1038 2328 rulguto
1070 2257 1135 2306 usu
1167 2233 1379 2308 Graecorum
1412 2239 1488 2308 est⁴

295 2383 404 2462 quem
421 2385 557 2438 morem
581 2360 702 2435 innuit
718 2359 852 2434 Pleto⁶.
907 2360 1175 2457 Επιγέγραπται
1191 2361 1305 2455 λέγων
1333 2361 1490 2459 ὁἙρμὶὶς

294 2491 351 2564 ὅτι
373 2492 409 2563 ἐν
434 2493 527 2586 μέσῳ
555 2501 617 2566 τοῦ
642 2489 766 2568 ἄλσεος
794 2493 931 2562 καὶτοῦ
962 2485 1062 2573 δήμου
1087 2487 1241 2574 ἔστηκεν.
1283 2488 1489 2564 Durlflsima

294 2623 540 2728 proculdubio,
565 2634 607 2698 ut
639 2646 725 2699 rere
757 2620 953 2703 Bentleius,
982 2618 1214 2719 Epigroplres
1248 2623 1376 2711 omtio,
1399 2645 1488 2722 cum

295 2760 488 2847 utromque
513 2775 715 2847 personam,
743 2761 781 2822 et
807 2751 976 2823 donantis
1003 2761 1039 2822 et
1068 2750 1258 2846 loquentis,
1285 2762 1400 2826 statua
1433 2754 1490 2827 in·

298 2882 395 2969 (lunt,
422 2882 486 2953 sed
505 2880 597 2979 ,lroec
627 2889 837 2974 pervetusta
868 2876 1015 2950 minime
1047 2880 1093 2950 ud
1117 2879 1212 2951 illam
1240 2882 1489 2981 recentiorum

295 3010 480 3119 depullatae,
503 3019 729 3105 teretemque
751 3031 953 3080 sermonem
981 3011 1195 3082 revocando.
1372 3006 1376 3013 ’

369 3145 588 3216 'Erimon
630 3141 766 3214 Vocem
781 3163 854 3212 non
870 3150 1074 3236 agnoscunt
1090 3139 1235 3213 Lexica.
1279 3143 1492 3241 Bentleiusf3

297 3273 442 3371 quidem
460 3270 547 3342 ellat
563 3274 622 3340 τοῦ
638 3266 832 3349 ’πως-οἶτον,
855 3267 903 3339 al)
922 3266 1192 3361 Aristophan07.
1241 3270 1332 3342 illud
1350 3284 1491 3360 aulem,

296 3410 338 3475 ut
366 3408 465 3472 recte
497 3396 739 3469 Chishullius⁸
770 3396 861 3468 nihil
891 3398 938 3468 od
968 3406 1281 3473 nostromuocem
1315 3404 1494 3495 pertinet,

247 3536 256 3545 '
297 3534 434 3612 necub
456 3535 640 3606 ὁπὶστατος
662 3532 818 3618 rel—ov,
849 3532 911 3603 sed
935 3532 981 3603 ab
1004 3532 1191 3618 ἐπιστάτης
1220 3534 1427 3608 deflectitur
1446 3541 1495 3624 de

301 3690 375 3763 quo
401 3664 450 3735 ita
476 3662 731 3759 Scholiastesu
752 3660 912 3734 Kustero
937 3660 1077 3734 citatus.
1132 3664 1273 3749 Πήλινος
1290 3666 1497 3763 Ἥφαιστος

301 3798 383 3895 πρὸς
406 3794 468 3871 *tric
484 3792 599 3868 ἔστῖας
621 3787 784 3887 ἱδρυμένος
806 3793 847 3867 ὠς
870 3788 989 3887 ἔφορος
1011 3798 1072 3861 τοῦ
1096 3792 1207 3887 πυρὸς.
1252 3794 1325 3865 [rur
1352 3794 1498 3871 scillcet

339 3968 456 4043 ¹Spon.
470 3964 554 4023 Misc.
567 3965 616 4023 Er.
632 3984 660 4037 p.
673 3969 739 4020 140.
957 3960 1035 4022 ‘ct
1063 3962 1167 4025 Herod.
1198 3968 1234 4025 V.
1263 3972 1312 4025 58.
1366 3968 1498 4029 Pausnn.

919 4056 955 4113 V.
967 4062 1016 4114 20.
1039 4057 1091 4118 Vl.
1105 4065 1133 4118 8.

341 4149 513 4209 ¹Chishull.
549 4153 620 4207 Ant.
654 4150 745 4209 Asiot.
774 4170 801 4222 p.
821 4158 865 4208 ll.
956 4147 1063 4207 ⁶Plat.
1082 4150 1111 4205 in
1128 4150 1381 4224 Hipparch.Tom.
1398 4156 1439 4217 V.
1467 4180 1497 4235 p.

300 4248 347 4309 Cf.
357 4262 464 4324 quoque
475 4246 588 4303 Gruter.
606 4260 731 4301 purus.
917 4239 985 4300 263.
997 4242 1055 4318 (ed.
1069 4243 1194 4321 Bipont.)

363 4386 367 4395 ,
957 4335 967 4365 ⁶
989 4334 1083 4393 Bentl.
1096 4334 1187 4408 Epist.
1201 4334 1273 4393 infra
1287 4338 1315 4393 in
1325 4342 1400 4413 App.

336 4429 348 4460 ⁸
363 4423 409 4481 Cf.
419 4421 515 4483 Leoni.
530 4423 615 4499 Sagg.
631 4423 745 4482 Toml.
759 4442 788 4497 p.
799 4428 866 4482 312.
960 4424 969 4455 ⁷
991 4429 1136 4501 Aristoph.
1150 4436 1204 4487 Ar.
1221 4436 1270 4489 4³.
1453 4409 1456 4421 ³

298 4523 339 4583 11.
354 4538 382 4594 p.
392 4522 462 4588 27³,
477 4522 546 4587 39³.
556 4537 596 4595 sq.
956 4522 966 4551 ⁸
988 4523 1129 4581 Chishull.
1142 4528 1212 4583 Ant.
1225 4528 1276 4583 As.
1290 4544 1317 4600 p.
1327 4534 1375 4585 45.
