3250 5350
473 983 620 1069 curse.
648 986 736 1070 ΙΙΙ.
789 990 914 1073 Sscr.
941 992 1004 1075 II.

538 1262 949 1341 PROLEGOMENA.

680 1536 809 1580 -4-

225 1746 260 1836 J
263 1788 315 1837 sss
339 1767 481 1839 tundens
498 1769 543 1840 ed
559 1793 618 1841 ecs
636 1769 883 1869 inscriptiones
905 1773 1041 1846 Atticus
1066 1774 1226 1848 venimus
1243 1798 1321 1872 quae

90 1904 93 1917 '
149 1921 228 1993 quo
257 1909 415 1997 tempore
448 1901 608 1976 marmori
644 1904 772 1977 trudito
801 1905 871 1977 siut
896 1901 966 1979 dici
995 1907 1131 2006 nequit.
1181 1902 1319 1978 Horum

150 2034 296 2107 ordines
325 2036 460 2109 ducunt
492 2063 664 2113 marmore
682 2040 843 2139 quiedam
870 2042 915 2113 ud
938 2040 1068 2137 templa
1089 2051 1198 2138 etque
1220 2040 1257 2113 in
1277 2038 1321 2112 iis

147 2184 331 2247 asservato
359 2174 551 2265 ἀναθήματα
586 2178 808 2273 pertinentia.
862 2176 933 2252 Hic
965 2202 1008 2251 ec
1041 2202 1121 2278 quse
1151 2190 1359 2259 memoret„

146 2300 359 2380 Juveneiis¹
385 2320 469 2381 ente
495 2310 615 2385 oculos
639 2312 750 2406 posita
775 2310 947 2397 videmus,

547 2447 874 2533 veteris—-grandiu
895 2447 1001 2533 tempii

304 2558 423 2626 Pocula
446 2562 604 2627 odorando
626 2560 780 2646 robiginis,
806 2574 838 2625 et
859 2563 1043 2648 populorum

303 2675 410 2753 Dona,
435 2678 481 2740 vei
506 2675 631 2764 antiquo
653 2675 766 2765 positas
789 2701 805 2740 a
827 2700 898 2764 rege
920 2699 1061 2743 corones.

227 2813 407 2905 Quantum
426 2817 471 2887 ex
489 2813 571 2912 ipsis
589 2815 821 2889 marmoribus
838 2827 946 2913 etque
963 2839 1008 2892 eu
1024 2813 1099 2888 eliis
1115 2792 1320 2888 auctoribur

147 2947 322 3045 augurari
354 2945 449 3032 licet,
485 2945 555 3022 fine
592 2947 810 3048 singulorum
840 2971 1013 3022 annorum
1045 2945 1321 3019 recensebantur

148 3077 274 3152 omnia
294 3077 330 3150 in
348 3078 485 3174 templis
505 3080 646 3152 condito
663 3081 822 3168 donorio,
838 3091 946 3178 etque
962 3079 1117 3155 omnium
1139 3077 1319 3176 catologus

90 3265 94 3271 .
153 3207 273 3279 sactus
288 3219 411 3303 posteo
422 3209 585 3282 marmori
598 3211 811 3289 tradebatur.
850 3211 1032 3312 Ejusmodi
1046 3211 1271 3285 recensiones
1282 3211 1318 3282 in

148 3339 325 3412 Romanis
354 3341 493 3437 templis
522 3329 673 3417 subinde
696 3343 807 3422 factm
826 3345 943 3418 innuit
960 3341 1115 3433 Livius²,
1143 3345 1320 3417 ministros

150 3480 175 3513 “
187 3473 298 3545 sacris
314 3473 533 3568 inquirendis
551 3487 588 3550 et
605 3475 705 3548 donis
724 3473 998 3575 persignandis’'
1017 3475 1225 3547 constitutos
1242 3497 1319 3545 esse

148 3603 288 3676 dicens.
339 3601 422 3677 Nec
439 3603 542 3676 aliter
561 3606 656 3701 opud
681 3577 880 3700 Tacitum³,
903 3605 1105 3705 Agricolam
1132 3607 1318 3689 “eiectum

148 3755 230 3806 esse
242 3734 289 3804 ad
300 3731 509 3828 templorum
522 3733 616 3806 dona
629 3734 917 3832 recognoscendo
927 3741 948 3767 '’
964 3735 1132 3808 videmus.
1160 3732 1321 3825 Quctuor

147 3865 333 3964 catalogos
357 3863 535 3940 Marmore
569 3865 710 3967 singule
738 3869 912 3966 recepisse
936 3867 1112 3956 videntur,
1136 3881 1173 3940 et
1201 3867 1321 3941 omnic

149 4020 304 4096 quorum
322 3995 425 4071 initia
442 4011 694 4074 conservantur
714 4001 760 4073 ab
784 4002 906 4074 ecdem
932 3999 1006 4074 sere
1026 3999 1176 4073 formula
1196 3997 1321 4072 verbo·

148 4151 228 4200 rum
257 4126 446 4228 incipiunt,
474 4137 603 4206 ΤΑΔΕ
637 4141 924 4210 ΡΑΡΕΔΟΣΑΝ
962 4142 1041 4209 ΗΑΙ
1073 4138 1322 4209 ΤΕΠΑΡΕΣ

147 4269 290 4340 ΑΡΧΑΙ
328 4267 408 4338 ΗΑΙ
443 4267 689 4338 ΕΔΙΔΟΣΑΝ
718 4271 823 4340 ΤΟΝ
857 4269 1031 4341 ΛΟΓΟΝ.
1083 4261 1175 4339 Cum
1202 4271 1320 4339 sutem

225 4551 234 4582 ¹
257 4553 317 4612 sn.
333 4553 416 4612 xm.
433 4561 499 4620 rsr.
578 4553 670 4618 ‘un
686 4557 783 4616 xxv.
797 4565 825 4624 r.
902 4557 1023 4619 ’raet
1038 4556 1284 4637 vergente.
