3250 5350
836 431 907 531 tud
1241 455 1398 549 [Cesso.
1410 462 1470 534 111.

282 647 404 710 temen
438 634 549 732 longe
571 633 737 708 distabat
767 633 915 731 Jupiter
948 633 1054 706 Arcis
1083 643 1220 720 custos,
1257 635 1319 706 cui
1360 635 1472 732 primu

281 779 407 840 teurus
437 763 578 859 uictima
603 764 808 859 procubuit.
861 764 948 839 Jem
980 763 1172 841 introimus
1199 788 1267 859 per
1297 767 1473 858 porticum

283 895 509 991 hexastyium
527 893 565 968 in
589 897 705 991 ipsum
725 887 985 982 Erechtheum,
1012 919 1095 992 quse
1111 895 1213 969 celioe
1234 917 1319 990 pers
1337 895 1474 992 relique

284 1027 361 1098 aeds
398 1023 508 1096 Vlll.
543 1025 696 1120 pedibus
729 1024 833 1099 altior
868 1036 936 1096 est.
988 1023 1140 1097 luerunt
1170 1047 1244 1098 erm
1276 1021 1474 1098 Erechthei

284 1151 466 1248 Neptuni,
495 1152 601 1228 Butos
632 1162 671 1224 ct
700 1151 865 1236 Volcani,
889 1152 974 1224 item
1005 1151 1139 1225 tsbulae
1162 1151 1210 1222 ub
1239 1149 1475 1224 Eteobutsdis

284 1284 412 1381 parieti
430 1271 559 1358 affirm.
611 1281 751 1376 Neque
779 1307 835 1368 eu,
863 1299 955 1377 quae'
973 1283 1040 1372 sub
1067 1304 1154 1358 aree
1174 1294 1290 1368 erent,
1314 1281 1474 1376 profanu.

286 1417 332 1490 Iu
357 1418 424 1492 hec
451 1416 548 1490 enim
574 1419 681 1490 domo
709 1416 946 1491 subterranea
962 1404 1129 1518 'sepultus
1155 1440 1236 1489 esse
1261 1416 1379 1492 fertur
1405 1416 1475 1510 ipse

286 1539 551 1634 Erichthonius
567 1541 592 1627 ¹,
620 1564 736 1636 quern.
768 1542 918 1612 deorum
958 1539 1108 1612 numine
1142 1552 1266 1620 nutum
1299 1540 1409 1612 iidem
1441 1540 1475 1610 in

286 1670 405 1757 sinum
434 1694 538 1745 snum
566 1680 801 1766 receperent:
829 1668 922 1742 sicut
946 1685 1056 1742 omne
1081 1669 1188 1742 vitale
1214 1669 1345 1742 eodem
1375 1669 1476 1752 redit,

287 1801 385 1876 unde
410 1810 529 1871 ortum
556 1810 665 1894 etque
691 1821 921 1897 progressum
947 1807 1038 1872 est.”

365 1937 388 1964 “
402 1927 530 2002 Habet
542 1938 662 2020 autern
678 1950 721 1998 ea
739 1927 841 1998 scllae
853 1951 935 2023 pars
950 1928 1105 2023 speciem
1124 1927 1202 2000 fere
1216 1930 1429 2025 quadratam
1444 1937 1479 2000 et

286 2061 512 2142 latitudinem
547 2060 694 2136 XXIV.
730 2061 874 2134 circiter
905 2063 1052 2156 pedum,
1086 2063 1194 2134 nimis
1229 2088 1410 2161 magnum,
1449 2065 1477 2135 si

286 2191 469 2268 continuis
503 2193 680 2288 lapidibus
713 2191 922 2267 transversis
960 2202 1200 2286 supertectum
1241 2217 1322 2266 esse
1359 2193 1477 2292 tingis.

281 2327 427 2404 ‘verum
445 2329 622 2402 eorumne
644 2339 748 2402 erunt
764 2329 961 2423 suppositus
978 2339 1112 2400 tectum
1132 2330 1370 2402 sustinentes:
1394 2353 1477 2424 quse

289 2469 407 2532 utrum
443 2461 670 2558 hypostylum
706 2485 752 2532 en
788 2460 1017 2555 hypaethrum
1049 2459 1248 2548 effecerint,
1280 2459 1479 2559 dijudicare
1577 2532 1578 2563 p

271 2593 450 2668 nondum
475 2592 651 2662 eudeo⁹.’'
1150 2599 1157 2608 ’
1577 2576 1578 2609 i

364 2728 388 2763 ‘·‘
402 2720 500 2797 Hinc
519 2718 667 2789 ulterius
682 2718 852 2814 progredi
872 2720 1076 2813 nequimus.
1120 2720 1355 2798 Revertimur
1377 2737 1480 2823 atque

291 2874 336 2923 ex
355 2850 470 2920 alteru
494 2860 598 2944 purte
627 2873 694 2945 per
718 2849 1096 2949 porticummojorem
1125 2853 1314 2929 intramus.
1370 2860 1482 2933 Obvia
1577 2923 1578 2954 p

290 2979 443 3077 primum
472 3002 540 3051 aru
565 2980 637 3051 turi
664 2980 845 3055 adolendo
870 2982 986 3077 posits
1012 2996 1048 3057 et
1076 3008 1252 3059 murmure
1273 2988 1485 3064 Pentheiico

290 3102 454 3203 insignis.
508 3106 681 3182 Porticus
712 3120 832 3183 nutem
866 3111 984 3206 smpic
1016 3122 1055 3184 et
1083 3116 1239 3211 spetioso
1270 3129 1309 3191 et
1342 3119 1485 3219 instigio
1577 3153 1578 3188 ;

290 3248 349 3317 est
379 3238 522 3326 decom,
559 3243 656 3334 quod
691 3252 848 3337 quatuor
878 3242 1055 3323 columnis
1087 3243 1248 3335 fulcitur,
1285 3226 1435 3347 quibus⁸
1449 3252 1486 3323 in

291 3368 426 3443 utrovis
452 3368 564 3447 latere
590 3370 743 3468 singuiae
766 3374 896 3445 additae
924 3378 1218 3469 cum-parastatis
1247 3391 1385 3455 tectum
1409 3407 1488 3454 sus·
1577 3405 1578 3448 r

291 3495 420 3604 tinent.
476 3496 574 3568 Hinc
595 3498 689 3571 ostio
712 3500 796 3571 satis
814 3524 948 3596 magno
967 3500 1003 3570 in
1025 3500 1282 3579 Pande-oscum
1298 3510 1489 3599 intr-umus,

292 3629 391 3697 unde
421 3627 466 3697 ad
494 3625 607 3722 ipsius
638 3631 713 3702 deae
740 3628 1000 3702 sanctuarium
1030 3632 1122 3706 vium
1156 3636 1359 3734 dirigimus.
1412 3640 1491 3712 Ob·
1577 3665 1578 3672 ¹

293 3778 437 3829 scurum
468 3756 567 3831 vides
598 3759 768 3832 conclaue
804 3759 966 3854 undique
1000 3762 1196 3855 parietibus
1230 3776 1388 3863 septum,
1419 3793 1494 3865 qno

291 3884 415 3967 lumen
434 3907 500 3981 per
516 3886 692 3980 porticum
711 3896 749 3957 et
766 3886 1015 3958 Pandroscum
1034 3887 1188 3961 fructum
1210 3904 1248 3963 et
1265 3896 1495 3969 emarcidum
1577 3923 1578 3930 ¹

293 4042 393 4119 oegre
427 4039 506 4089 sese
541 4008 711 4090 insinuat.
764 4014 903 4110 Neque
937 4027 1056 4087 tomen
1087 4018 1312 4115 hypaethrum
1347 4027 1498 4097 moenis
1577 4041 1578 4136 i

335 4258 345 4291 ¹
365 4259 496 4316 Clemens
507 4255 593 4316 Alex.
608 4257 724 4314 Cohort.
739 4258 774 4315 ad
788 4266 862 4331 gent.
915 4257 1015 4313 extulit
1024 4258 1158 4330 (Traveis
1168 4257 1207 4316 11.
1222 4270 1251 4320 3.
1264 4281 1293 4335 p.
1308 4264 1382 4333 496.
1394 4268 1503 4328 Greek

296 4350 332 4409 Τ.
347 4349 371 4406 κ.
392 4370 419 4424 p.
433 4358 482 4419 29.
497 4354 525 4410 b.
542 4350 622 4427 sylb.
915 4350 1042 4409 Morbics
1068 4361 1115 4421 17.
1144 4375 1171 4429 p.
1191 4362 1254 4431 39.)
1279 4360 1360 4433 eujus
1389 4364 1503 4425 vellem
1577 4355 1578 4412 1

335 4441 864 4501 ²EduardusClurk.hinccoinmnsm
915 4463 1076 4507 mensuram
1103 4450 1262 4523 indicasset,
1292 4464 1324 4512 ut
1346 4456 1506 4536 liquidius,
1577 4435 1578 4508 i

297 4534 445 4593 marmoris
475 4534 604 4593 Laconici
629 4534 735 4613 (Verde
762 4538 865 4613 cutim)
916 4543 961 4601 ubi
982 4544 1073 4618 posits
1092 4545 1182 4618 snserit,¹
1203 4556 1354 4611 comtsrst.
