3250 5350
885 490 953 550 128
1271 484 1512 568 [ense-111.

307 651 343 726 id
366 651 476 725 fuisse
503 673 634 726 munus
658 661 762 750 putot
790 663 830 727 ut
859 678 905 727 ex
929 653 1052 728 insulis
1077 653 1251 727 tributum
1277 655 1509 754 colligerent,

309 808 462 883 eumque
479 798 648 861 πολιτειαν
666 813 747 886 qure
765 788 803 859 in
823 788 976 887 singulis
995 787 1190 860 constitute
1206 798 1284 860 erat
1300 799 1512 864 tuerentur.

182 989 186 998 ,
310 920 426 1010 Quod.
437 945 460 992 a
478 945 565 995 vero
582 922 730 994 omnino
747 923 919 996 alienum.
972 921 1044 993 Sed
1069 931 1151 1016 post
1166 920 1319 1018 triginta
1335 931 1514 1018 tyrannos

308 1063 455 1125 exectos
481 1054 570 1126 nulli
597 1055 781 1126 constituti
808 1065 893 1126 sunt
922 1051 1211 1140 Hellenotomiae,
1246 1052 1344 1126 unde
1372 1052 1512 1128 foetum

309 1199 362 1262 est
387 1195 570 1263 uteorum
598 1214 747 1264 munera
773 1191 986 1290 ignorarent
1011 1189 1293 1286 lexicographi.
1347 1189 1445 1261 Dum
1471 1190 1511 1262 in

310 1323 405 1396 Delo
443 1334 648 1398 servaretur.
684 1323 911 1410 Thesaurus,
955 1321 1247 1407 Heuenoumiae,
1283 1331 1325 1393 ut
1354 1322 1512 1406 videtur,

309 1465 347 1529 et
371 1451 560 1528 ἀποδέκτων
581 1464 618 1528 et
641 1461 769 1537 ταμίων
795 1478 947 1542 munere
970 1455 1086 1527 functi
1112 1457 1221 1535 sont'
1235 1465 1363 1550 postea
1382 1467 1510 1530 eutem

309 1607 416 1682 quom
443 1585 488 1656 od
517 1584 690 1680 Athenas¹
707 1584 963 1658 transferretur
985 1609 1059 1658 non
1086 1584 1155 1656 nisi
1179 1585 1379 1681 posteriori.
1434 1586 1513 1660 lilio

309 1740 400 1814 ergo
421 1713 526 1788 initio
550 1717 737 1812 negotium
761 1725 840 1788 eret
861 1715 1123 1814 ut‘pecuniem,
1148 1739 1219 1812 quo
1240 1717 1286 1788 ud
1308 1739 1398 1788 usus
1421 1717 1511 1790 betti

308 1871 401 1944 opus
442 1855 531 1934 eret
576 1871 598 1918 e
637 1849 806 1919 thesauro
844 1856 1098 1931 numerarent3
1143 1856 1269 1941 posteo
1301 1855 1511 1919 autemut

308 1979 484 2076 operibus¹
499 1976 663 2072 publicis,
691 1975 802 2064 festis,
827 1974 949 2064 sacris,
973 1977 1080 2050 rebus
1104 1975 1312 2050 theatricis¹
1339 1989 1511 2072 sumptus

309 2109 635 2186 subministrarent.
688 2106 721 2179 Ε
753 2117 876 2179 nostro
907 2129 1084 2181 marmore
1113 2117 1233 2179 autem
1263 2075 1407 2179 constet
1438 2107 1512 2178 alia

217 2305 223 2310 .
310 2263 457 2336 quoque
479 2260 630 2311 munera
648 2235 925 2318 Hellenoumiis,
948 2247 1077 2332 posteo
1100 2236 1235 2309 tributa
1255 2260 1344 2310 esse.
1385 2235 1509 2308 ‘Haud

310 2369 405 2444 enim
421 2368 520 2442 festis
532 2380 698 2464 sumptus
716 2377 859 2440 tantum
876 2369 1154 2466 suppeditabant
1169 2367 1368 2462 sodalique
1384 2367 1508 2454 etiarn,

310 2526 404 2600 quae.
421 2501 467 2573 od
494 2524 537 2574 ea
555 2501 806 2597 ‘pertinebunt
841 2499 1028 2573 curabunt.
1080 2497 1178 2594 Equi
1206 2497 1344 2571 scilicet
1372 2498 1508 2595 quibus

308 2631 472 2732 plurimis
507 2633 552 2706 in.
580 2631 838 2707 Panathenaeis
873 2632 1026 2732 aliisquo
1049 2630 1156 2740 *ferm
1188 2630 1247 2703 usi
1276 2642 1362 2705 sunt
1393 2631 1509 2705 Athe—

309 2767 468 2853 nienses,
503 2788 627 2838 eorum
662 2786 760 2837 curae
795 2762 976 2836 commissi
1008 2771 1103 2835 sunt.
1148 2759 1325 2856 Dupliees
1359 2786 1509 2859 quoque

309 2894 467 2982 obolos⁹‚
500 2894 603 2965 ludos
630 2891 819 2987 spectandi
839 2892 1015 2987 pretium,
1046 2891 1192 2964 eosdem
1222 2890 1319 2986 plebi
1345 2892 1511 2967 divisisse

310 3045 356 3095 ex
375 3022 450 3094 hoc·
466 3031 503 3094 et
522 3019 685 3116 proximo
709 3042 885 3092 marmore
904 3020 990 3094 sotis
1007 3029 1179 3093 constut-
1214 3018 1392 3093 Nondum
1410 3024 1510 3097 enirn

309 3154 331 3241 ἡ
362 3153 454 3251 ἀρχῆ
494 3154 550 3226 ἐπὶ
589 3152 639 3245 τῷ
675 3151 849 3249 (θεωρικῷ3
890 3150 1088 3223 constitute
1121 3160 1209 3221 erat.
1237 3150 1355 3240 -Quis
1385 3163 1514 3225 autern

309 3284 578 3373 Ἑλληνοταμίων
609 3306 781 3356 numerus
809 3292 915 3369 esset,
945 3277 1092 3353 minimo
1121 3289 1270 3353 constat.
1324 3279 1513 3355 Undecim

310 3424 434 3488 nostro
473 3437 652 3487 marmore
694 3411 871 3499 nominati
914 3419 1010 3482 sunt.
1078 3408 1152 3481 Sed
1187 3432 1269 3481 oum
1310 3408 1364 3506 (id
1408 3413 1515 3507 quod

312 3546 500 3619 Biiuktrio⁴
517 3546 672 3632 videtur,
705 3553 741 3617 et
767 3566 853 3615 vero
878 3540 1024 3637 quidem
1053 3537 1167 3612 simile
1196 3522 1390 3629 est)'huud
1418 3544 1515 3614 anni

311 3677 428 3765 initio,
447 3678 509 3749 sed
526 3688 608 3773 post
625 3676 873 3749 Ponuthonaeu
890 3673 1115 3770 primamque
1130 3672 1356 3771 Prytaniem,
1376 3673 1518 3772 mugis-

310 3816 443 3887 treturn
474 3806 692 3903 occeperint,
717 3802 828 3877 exiis
850 3804 923 3877 duo
947 3801 1058 3898 priori
1079 3824 1177 3873 anno
1198 3801 1385 3875 tribuendi
1408 3816 1516 3877 sunt.

311 3937 456 4015 Novem
498 3960 587 4036 ergo
620 3938 657 4009 in
697 3936 766 4009 hoc
799 3957 978 4008 marmore
1018 3924 1259 4007 nominantur.
1321 3932 1519 4021 Boethius

353 4208 362 4238 ¹
384 4202 428 4260 cf.
445 4200 587 4260 Plutarch.
611 4202 698 4265 Arist.
712 4208 761 4263 24.
783 4199 881 4261 Periol.
972 4198 985 4230 ³
1006 4196 1051 4255 Cf.
1067 4197 1165 4254 AEsch.
1178 4216 1203 4253 c.
1219 4196 1296 4255 Ctes.
1311 4215 1340 4271 p.
1355 4196 1521 4269 416‚srs.

355 4338 362 4351 .
936 4298 1022 4355 Dem.
1044 4296 1077 4351 de
1099 4294 1165 4353 Cor.
1186 4315 1215 4369 p.
1237 4294 1327 4355 264·
1350 4296 1423 4356 Lex.
1444 4300 1523 4375 Seg.

352 4388 432 4448 ‘ct
456 4392 573 4449 Aristot.
596 4390 656 4449 Pol.
681 4392 720 4450 11.
745 4398 772 4451 5.
814 4390 884 4447 Lex.
905 4445 909 4452 ,
935 4411 962 4466 μ
979 4388 1046 4451 264.

315 4485 379 4558 Seg.
401 4503 431 4558 p.
452 4490 520 4551 237.
542 4496 571 4544 et
596 4506 693 4545 omnes
721 4486 887 4560 Lexirogru·
974 4487 1117 4545 *Bockin
1139 4489 1208 4545 iiber
1227 4486 1272 4543 die
1293 4487 1531 4547 staathaushal-
1598 4501 1599 4508 ’

314 4583 393 4656 phos.
936 4594 1006 4658 tung
1018 4586 1066 4641 der
1076 4585 1213 4643 Athener.
1229 4585 1253 4645 1.
1269 4590 1339 4653 192.

317 4302 351 4352 12
