3250 5350
154 396 279 467 Inscn.
299 396 415 491 vlit]
694 386 767 490 ¹177

229 590 408 667 Receneio
435 616 479 665 ex
514 617 556 667 en
578 604 677 689 porte
706 594 828 692 templi
854 592 1138 693 quoe'Cecropio
1170 592 1329 689 proxime

151 731 208 797 est
232 723 379 798 orditur.

229 856 274 930 ln
293 882 396 931 aenea
419 856 603 933 wittimii
619 858 749 951 tabule,
771 884 844 960 que
860 859 1068 958 depingitur
1081 840 1328 933 ‘Erechtheum

447 1028 489 1095 A.
512 1042 559 1095 est
590 1028 740 1117 templum
765 1030 927 1096 Minervae.

450 1144 490 1211 Β.
761 1143 921 1209 Pandrosi.

450 1259 490 1327 C.
517 1260 659 1328 Porticus
679 1259 935 1347 Stylagalmnticn.

446 1377 484 1442 F.
516 1376 659 1465 Angulun
683 1376 872 1465 Cecropium
893 1389 1050 1463 spectem.

447 1492 491 1559 G.
510 1494 705 1561 Vestibulum
730 1491 911 1561 Pandrocei.

150 1656 197 1721 D.
209 1654 255 1719 D.
291 1655 371 1720 muri
405 1654 544 1721 tellurem
577 1655 661 1723 circa
693 1657 905 1722 Pandioneum
933 1658 1091 1745 jacentem
1130 1655 1326 1723 continentes.

149 1775 220 1839 lma
244 1770 327 1839 enim
349 1770 520 1839 Pandrocei
544 1796 615 1859 pam
641 1785 713 1839 octo
738 1772 872 1859 pedibus
892 1772 1017 1840 inferior
1042 1787 1107 1839 emt
1134 1772 1327 1853 Pandionem

151 1900 183 1951 et
209 1884 316 1950 tellure
342 1883 456 1971 ubique
481 1879 751 1975 circumjacente¹.

228 2067 271 2143 In
302 2068 488 2144 Willtinsii
523 2070 653 2146 tabulis
688 2071 793 2147 lineae
827 2071 1008 2170 punctillin
1039 2060 1176 2151 notate
1209 2086 1328 2172 partes

149 2200 235 2277 mdis
263 2202 421 2275 nondum
444 2204 635 2300 completas
651 2228 696 2281 eo
714 2214 874 2303 tempore
892 2229 965 2302 quo
982 2206 1145 2279 recensio
1161 2205 1256 2280 fecte
1274 2218 1329 2281 ent

150 2339 336 2412 denotent.
386 2334 429 2408 ln
458 2334 607 2409 Miilleri
626 2336 754 2410 tabulis
781 2344 808 2379 “
824 2347 944 2432 partes
961 2336 1066 2410 lineis
1082 2337 1178 2410 intus
1194 2362 1328 2435 spanum

148 2472 273 2545 ennete
312 2477 416 2543 erant
453 2468 516 2541 sed
554 2468 710 2541 nondum
746 2467 926 2565 nppocitae,
963 2467 1123 2540 membra
1147 2468 1327 2563 punctillin

148 2600 351 2702 significate
367 2598 528 2696 oppoot‘to
544 2608 645 2673 erant
662 2599 725 2674 sed
744 2601 903 2675 nondum
927 2598 1097 2698 scalptn''
1145 2598 1327 2675 Miillerue

148 2757 297 2833 quoque
331 2733 369 2806 in
408 2733 485 2832 ejus
527 2745 628 2806 notan
678 2741 704 2772 ‘⁶
721 2757 766 2806 ex
807 2757 917 2831 opere
953 2731 1102 2807 Stunrtii
1143 2741 1328 2806 meniums

146 2865 323 2964 Anglicns
368 2865 568 2952 tmnntulit3
627 2864 873 2962 complectitur
915 2877 1034 2940 antem
1081 2889 1146 2962 pec
1188 2867 1328 2942 Atticus

146 2997 294 3096 pollices
328 2997 438 3095 Angl.
478 3007 622 3086 12,137‚
656 2999 753 3094 quod
789 2996 942 3072 maxime
975 2999 1021 3072 nb
1055 2998 1328 3096 Hecatompedo

147 3155 275 3204 menso
302 3128 517 3227 colligitur.”
568 3130 666 3203 Ante
689 3139 809 3203 cutem
837 3153 943 3226 qoam
970 3131 1015 3202 nd
1040 3129 1152 3230 ipsam
1179 3130 1327 3227 inscrip-

144 3263 283 3336 tionem
322 3284 469 3360 pergem
508 3259 688 3334 Miillerus
720 3259 758 3332 in
788 3262 858 3332 hoc
896 3258 983 3332 mihi
1017 3262 1197 3333 notandus
1230 3261 1328 3336 venit

144 3396 245 3492 puod
271 3393 377 3472 nimie
401 3391 533 3467 acriter
556 3393 592 3465 in
618 3392 861 3466 Chnndlemm
885 3392 1045 3467 invectus
1072 3393 1130 3466 sit.
1182 3395 1326 3468 Chond-

142 3527 241 3599 lerue
267 3525 375 3620 enim,
410 3535 450 3596 ut
479 3523 555 3622 jam
583 3521 733 3612 ostendi,
767 3545 805 3594 se
836 3525 929 3596 hanc
964 3523 1231 3619 inscriptionem
1264 3552 1326 3600 ex·

141 3658 280 3757 plicare
310 3655 464 3756 nequire
491 3654 567 3752 ipse
598 3653 780 3752 professus
808 3663 872 3727 est.
923 3652 1030 3726 Haud
1059 3677 1149 3754 ergo
1179 3659 1326 3732 omnino

142 3816 209 3888 pro
245 3813 289 3863 ee
326 3787 495 3863 comitate
530 3813 602 3886 qun
637 3785 689 3860 vir
727 3784 788 3859 tali
830 3785 993 3859 doctrino
1035 3786 1207 3883 praeditus
1248 3815 1327 3863 esse

142 3924 265 4009 debet,
294 3922 344 3994 ite
374 3921 486 3994 deco
511 3918 698 3994 Miillems.
750 3923 773 3958 ‘⁶
790 3915 926 3990 Omnia
948 3915 1009 3990 hic
1026 3917 1092 3991 viri
1109 3916 1324 4018 ignorantie,

144 4051 379 4153 negligentia,
421 4064 457 4123 et
493 4051 626 4124 infelici
670 4049 818 4149 ingenio
859 4049 1011 4146 pessime
1050 4062 1135 4121 sunt
1170 4050 1325 4123 lnxntn.''

143 4185 248 4260 ldem
274 4209 420 4282 qunque
446 4161 710 4279 postcn'eodem
731 4182 835 4256 mmlo
854 4179 1061 4266 Wilkinnio,
1082 4203 1188 4277 quem
1204 4191 1322 4258 tamen

182 4449 191 4485 ¹
217 4449 302 4508 Lcak.
317 4447 422 4524 Topog.
440 4451 501 4505 Att.
524 4463 550 4519 p.
567 4441 633 4504 265.
663 4451 690 4500 et
714 4441 831 4500 wilkins
852 4442 922 4517 apud
946 4441 1065 4518 ll'alpol.
1087 4442 1132 4501 nbi
1153 4463 1242 4521 supra.
1318 4497 1322 4516 2

206 4569 211 4582 '
719 4567 744 4631 Z
