3250 5350
155 554 283 622 lnsca.
307 550 417 630 Vlll.]
726 556 795 658 ¹79.

151 735 263 798 antea
296 748 404 821 quam
439 723 573 819 publici
601 724 696 824 juris
734 726 832 797 fucta
868 722 915 795 sit
956 722 1100 797 vidisse.
1153 722 1228 796 Sua
1258 747 1348 823 ergo

149 856 259 928 laude
290 852 509 929 Wilkinsius
536 855 634 925 haud
662 854 895 925 fraudandus.
949 849 1035 924 Nec
1064 852 1186 924 forsan
1213 854 1278 925 abs
1309 876 1349 925 re

150 984 222 1059 erit
253 984 284 1055 si
316 982 354 1055 in
389 983 460 1054 hoc
494 981 574 1055 loco
604 981 811 1077 praeclaram
841 980 1029 1054 Wilkinsii
1058 980 1347 1054 emendationem

151 1138 350 1190 memorem
388 1116 522 1212 quippe
559 1138 641 1211 quae
675 1114 831 1227 Vitruvii
869 1114 950 1187 loco
990 1112 1196 1187 difficillimo
1229 1113 1348 1185 lucem
1488 1147 1492 1153 ·

149 1246 326 1321 offundat.
379 1246 578 1319 Miillerus¹
618 1249 663 1318 de
696 1245 839 1340 templis
873 1244 1155 1342 hppaetlrralibus
1185 1241 1350 1316 nonnihil

149 1380 320 1453 dubitare
351 1380 502 1467 videtur,
543 1382 588 1453 de
627 1380 758 1477 quibus
789 1403 835 1454 ea
864 1390 1004 1452 tantum
1034 1382 1168 1453 scimus
1199 1376 1349 1474 quaein

150 1518 330 1603 sequente
365 1506 520 1580 Vitruvii
559 1509 640 1580 loco
681 1508 910 1580 traduntur⁹.
967 1507 1227 1605 “Hypaethros
1266 1529 1351 1579 vero

149 1639 356 1734 decastylos
378 1637 488 1709 estin
512 1638 656 1711 Pronao
675 1649 712 1711 et
734 1637 901 1712 Posticoz
930 1637 1068 1736 reliqua
1086 1638 1207 1712 omnia
1224 1637 1350 1710 eadem

152 1769 266 1841 habet
298 1791 380 1864 quae
414 1767 600 1863 Dipteros,
644 1771 707 1842 sed
751 1770 921 1843 interiore
958 1782 1061 1866 parte
1094 1771 1280 1850 columnas
1314 1768 1352 1841 in

152 1901 350 1974 altitudine
377 1900 539 1995 duplices
564 1912 716 1973 remotas
745 1924 767 1971 a
796 1902 993 1997 parietibus
1019 1907 1064 1976 ad
1093 1904 1353 1987 circuitionem,
1386 1922 1391 1931 ·

157 2043 201 2103 ut
231 2031 390 2127 porticus
415 2029 708 2127 peristyliorum
750 2033 907 2103 medium
939 2044 1058 2106 autem
1092 2002 1270 2106 subdivo
1301 2045 1356 2105 est

157 2162 242 2233 sine
262 2172 358 2234 tecto
376 2160 569 2253 aditusque
591 2159 773 2232 valvarum
795 2183 842 2231 ex
863 2171 1016 2257 utraque
1037 2174 1141 2256 parte
1160 2162 1197 2232 in
1216 2185 1355 2257 pronao

83 2265 87 2276 Ι
160 2302 199 2363 et
221 2289 373 2385 postico.
424 2287 542 2385 Hujus
572 2298 692 2359 autem
721 2288 903 2384 exemplar
932 2290 1061 2363 Roma
1092 2316 1166 2364 non
1190 2302 1257 2377 est,
1292 2292 1355 2364 sed

160 2418 315 2493 Athenis
338 2418 529 2515 octastylos
557 2418 752 2512 intemplo
777 2419 973 2515 Olympii.'’
1025 2420 1100 2492 Ubi
1125 2423 1355 2495 manifestum

158 2559 218 2624 est
246 2572 370 2621 vocem
394 2548 587 2645 octastylos
614 2546 758 2619 minime
788 2571 869 2620 curn
894 2551 1112 2644 praecedenti
1137 2550 1356 2647 Decastplos

160 2704 381 2778 congruere.
434 2681 553 2752 Priori
581 2681 691 2752 verbo
719 2679 802 2752 freti
834 2680 978 2777 quidam
1009 2666 1244 2754 Parthenone
1271 2681 1356 2754 alia·

159 2834 237 2907 que
263 2810 398 2905 templa
421 2809 480 2881 cui
505 2809 692 2883 interiores
716 2811 819 2883 tuere
846 2810 1036 2899 columnae,
1069 2813 1257 2908 hypaethm
1277 2835 1357 2884 esse

158 2948 334 3014 statuere.
403 2939 475 3010 Sed
521 2962 638 3010 veram
675 2939 881 3028 lectionem,
922 2965 980 3012 me
1016 2941 1156 3039 judice,
1204 2942 1359 3015 restituit

160 3069 380 3142 Wilkinsius
424 3070 463 3139 in
498 3077 580 3163 asty
618 3068 726 3141 Jovis
764 3094 830 3164 pro
875 3071 1066 3168 octastylos
1107 3073 1148 3145 in
1187 3074 1357 3172 legendo.

160 3201 274 3291 Quod
300 3200 329 3271 si
354 3223 480 3272 verum
507 3197 563 3283 sit,
591 3199 783 3295 hypaethra
816 3222 960 3292 semper
985 3199 1165 3295 decastyla
1193 3201 1306 3274 fuere.

243 3329 335 3401 Haec
357 3327 530 3425 praefatus
545 3327 622 3424 jam
651 3327 794 3398 tandem
821 3336 857 3397 te
881 3328 926 3398 ad
952 3327 1065 3423 ipsam
1090 3328 1358 3424 inscriptionem

164 3461 212 3534 L.
232 3457 275 3530 Β.
304 3456 455 3529 dimitto.
920 3462 924 3468 '

246 3589 313 3684 (N.
336 3589 380 3662 Β.
435 3585 571 3658 Literae
598 3588 815 3660 minuscula
848 3613 882 3675 a,
917 3591 951 3677 b,
987 3593 1048 3678 isc.
1079 3590 1233 3662 subinde
1259 3592 1361 3664 lineis

164 3737 282 3822 paam
306 3719 425 3814 ipsias
457 3716 718 3809 inscriptionis,
744 3727 823 3789 tam
856 3717 1036 3790 versionis
1070 3716 1189 3813 affime
1224 3744 1361 3794 eneam

161 3851 336 3924 tabulam
385 3846 587 3941 respiciant
636 3849 676 3919 ia
726 3873 798 3946 qna
848 3849 1115 3943 ichnographia
1168 3852 1292 3945 templi
1339 3877 1363 3922 a

172 3977 371 4052 Wilkinsio
387 3977 585 4049 exhibetur.
633 3975 770 4050 In'terce
792 3987 915 4050 antem
931 3978 1074 4064 eadem,
1101 3977 1308 4073 ubicunque
1324 3977 1365 4047 in

167 4107 330 4198 Multae
372 4104 469 4179 notis
513 4116 722 4191 occurrant,
768 4107 933 4178 tabulam
971 4131 1014 4178 ec
1048 4106 1129 4201 cp'as
1164 4129 1267 4198 opere
1305 4105 1364 4177 de-

54 4227 61 4238 ’
164 4238 347 4331 scriptam
364 4231 573 4328 respiciant.
632 4231 752 4306 Variae
781 4234 951 4306 lectiones
977 4257 1058 4328 pace
1083 4230 1199 4303 textui
1222 4229 1366 4325 sahpici-

166 4379 291 4442 antar
341 4392 360 4437 e
414 4359 608 4435 Chandleri
667 4362 880 4454 apographo
927 4357 1191 4445 describantur,
1229 4369 1367 4452 praeter

158 4519 313 4598 pancas
348 4521 393 4569 ea
426 4490 639 4587 apographo
675 4489 957 4564 Schneiderrano
986 4514 1066 4586 pare
1088 4489 1191 4563 litera
1226 4490 1252 4562 S
1291 4487 1366 4583 sig·

166 4634 351 4720 matur.)
452 4717 459 4745 ¹
483 4719 572 4791 Supra
586 4736 612 4789 p.
631 4716 696 4776 156.
856 4716 869 4744 ²
890 4713 951 4772 Lib.
965 4713 1004 4770 iii.
1024 4735 1049 4772 c.
1063 4728 1092 4778 2.-
