3250 5350
787 408 791 417 ¹
876 455 944 531 17⁴
1272 452 1422 534 [censs.
1446 452 1507 517 111.

316 626 461 701 evenire
484 648 634 699 necesse
655 626 711 713 sit,
735 649 843 722 quum
867 626 963 721 quod
986 624 1171 697 Vitruvius
1186 624 1357 723 cogitat·
1387 630 1506 723 Atque

314 757 391 829 aliis
424 766 462 829 et
490 754 638 827 diversis
671 756 766 827 baud
797 755 907 828 dubie
938 753 1024 827 moti
1057 764 1142 825 sunt
1172 758 1419 851 argumentis,
1446 758 1504 853 qui

317 886 464 957 fasciam
484 908 666 981 quamque
688 884 912 981 superiorem
929 885 1092 957 altiorem
1111 884 1190 957 fieri
1201 886 1406 982 jusserunt,
1433 912 1509 984 quse

315 1020 374 1095 hic
397 992 574 1116 ¹persequi
609 1018 758 1116 longum
794 1026 862 1090 est.
914 1016 1128 1113 Epistylium
1160 1016 1248 1089 aedis
1282 1019 1328 1088 ad
1367 1017 1508 1091 llissum

316 1152 466 1245 simplex
492 1158 530 1222 et
552 1147 697 1243 planum
717 1155 782 1232 est,
809 1146 1022 1241 tripartitum
1050 1155 1170 1221 umen
1195 1146 1425 1241 conspicitur
1435 1150 1509 1247 jam

315 1278 353 1349 in
393 1273 634 1349 monumentis
674 1270 949 1365 Persicisrsed
983 1270 1093 1342 etiam
1131 1270 1280 1343 bifidum
1317 1283 1357 1343 et
1388 1274 1509 1347 Graeci

317 1418 353 1483 et
379 1404 536 1480 Romani
563 1402 767 1498 promiscue
790 1400 1047 1473 adhibebunt.''

391 1546 414 1574 “
427 1526 603 1631 Epistylio
630 1533 901 1628 superadditum
919 1543 974 1604 est
998 1531 1200 1629 cymatium
1224 1530 1401 1605 Lesbium
1433 1559 1508 1607 cum

316 1677 497 1774 astragalo
530 1686 568 1747 et
601 1674 753 1768 quadra.
832 1672 923 1744 Haec
955 1672 993 1743 in
1034 1685 1138 1768 purte
1169 1672 1373 1745 exteriore:
1415 1676 1507 1747 intus

317 1804 470 1899 simplex
500 1800 692 1898 cymatium
722 1802 902 1899 adjectum
937 1812 1002 1874 est.
1055 1801 1166 1875 Attici
1194 1804 1395 1877 membrum
1428 1806 1508 1878 illud

317 1931 553 2027 compositum
576 1930 761 2023 γογγύλον
777 1936 883 2017 λίθον,
909 1933 979 2003 hoc
996 1930 1147 2026 simplex
1169 1932 1328 2015 κυμάτων
1351 1934 1508 2029 appella·
1582 1965 1587 1971 ·

317 2071 457 2146 verunt,
501 2083 618 2156 eaque
650 2061 801 2133 seorsim
832 2061 879 2132 sb
911 2060 1076 2157 epistylio
1109 2059 1229 2155 lapide
1257 2062 1506 2140 exciderunt:

319 2192 417 2288 quod
439 2202 514 2262 tum
539 2191 722 2287 inscriptio
746 2191 877 2286 probat
890 2191 915 2276 ¹,
941 2200 1016 2261 tum
1041 2189 1259 2284 perspicitur
1278 2213 1298 2259 e
1320 2190 1510 2261 ruderibus

318 2318 440 2415 templi
471 2318 557 2413 ipis
569 2318 591 2390 ⁸2
645 2320 719 2393 Sed
752 2319 801 2389 ita
835 2294 1043 2413 compara—la
1071 2329 1187 2404 erant,
1213 2328 1251 2387 ut
1277 2318 1323 2386 ad
1350 2318 1511 2388 mediam

316 2448 567 2544 pertingerent
601 2446 758 2544 epistylii
793 2445 1080 2533 crassitudinem,
1123 2444 1248 2538 ibique
1280 2466 1320 2515 se
1352 2441 1510 2518 invicem

317 2575 582 2676 tungerent⁸.''.

392 2702 642 2797 “Zophorum
673 2703 870 2787 Vitruvius,
911 2705 941 2774 si
984 2703 1102 2801 sigilla
1143 2729 1163 2775 s
1195 2704 1406 2801 anaglypha
1443 2703 1508 2798 ipsi

315 2831 436 2904 addita
468 2831 617 2916 fuerint,
653 2831 818 2902 altiorem
862 2832 941 2904 fieri
972 2833 1082 2931 jubet
1126 2857 1233 2928 quam
1279 2833 1505 2929 epistylium:

315 2959 369 3030 sin
389 2958 569 3053 scalptura
585 2968 717 3044 careat,
745 2958 931 3029 minorem.
984 2958 1056 3030 Sed
1073 2959 1180 3030 etiam
1200 2959 1270 3030 hoc
1286 2971 1507 3055 preceptum
1596 2970 1597 3065 j

315 3089 425 3164 Attici
459 3089 644 3161 architecti
680 3090 777 3161 haud
818 3113 1040 3189 magnopere
1074 3091 1263 3161 curabant.
1314 3089 1383 3162 Est
1413 3089 1507 3161 enim
1596 3132 1597 3147 κ

315 3218 519 3316 epistylium
542 3219 736 3292 Erechthei
764 3221 925 3315 zophoro
949 3220 1134 3317 eliquanto
1163 3223 1313 3319 major⁴.
1363 3222 1509 3295 Nihilo·
1596 3316 1597 3321 ἵ

314 3351 430 3424 secius
448 3349 673 3448 intelligitur,
687 3373 783 3430 ,eum
801 3349 936 3444 sigillis
953 3361 1121 3422 ornatum
1139 3351 1264 3437 fuisse,
1295 3373 1508 3448 quanquam
1596 3326 1597 3387 3

316 3502 416 3554 nunc
446 3505 558 3577 purus
586 3481 737 3554 videtur.
791 3482 890 3554 Sane
916 3506 999 3553 eum
1022 3481 1101 3576 ipsa
1125 3481 1313 3577 inscriptio
1327 3484 1510 3556 Ἐλενσινι-
1596 3470 1597 3473 ¹

314 3617 393 3688 aris
406 3619 502 3688 λίθον
526 3616 622 3712 πρὸς
647 3613 673 3709 ᾧ
696 3617 747 3686 τὰ
766 3615 844 3712 ζῷα
871 3625 1066 3709 nuncupat.
1121 3612 1375 3686 Erantautem
1398 3639 1506 3700 aerea,

314 3744 555 3820 subscudibus
578 3745 709 3817 ferreis
739 3743 855 3831 affixa,
884 3767 1034 3840 quarum
1069 3754 1106 3815 et
1141 3766 1240 3814 nunc
1267 3743 1424 3841 vestigia
1456 3769 1509 3818 re·
1596 3762 1597 3767 ’

354 4021 363 4052 1
1091 4045 1205 4060 ι·-

353 4016 715 4170 ,algssylftqqiqu'
737 4126 765 4164 n.
792 4112 839 4172 19.
859 4107 885 4162 le
1085 4045 1377 4141 h--7

317 4201 381 4278 Roy
394 4207 430 4262 T.
445 4205 469 4264 l.
491 4205 530 4261 tb.
545 4208 572 4261 5.
777 4206 788 4226 '
1152 4201 1171 4237 ⁰
1270 4183 1287 4237 ὅ

355 4299 460 4358 ³Haec
493 4302 578 4376 igitur
609 4299 701 4358 forma
735 4317 885 4357 omamen-

315 4403 407 4453 torum
421 4396 541 4473 epistylii
553 4397 654 4454 evadit.
689 4415 715 4452 a.
729 4396 886 4471 cymatium
976 4395 1152 4470 ‘Zopborus
1178 4395 1296 4472 prostyli
1325 4399 1350 4455 l*
1380 4401 1437 4456 11¹*
1468 4409 1517 4468 75.
1596 4412 1597 4459 3

314 4489 438 4550 interius.
480 4491 504 4549 b.
521 4493 641 4552 exterius
655 4511 720 4552 cum
734 4491 885 4568 astragalo.
935 4491 1016 4566 epist.
1029 4489 1165 4550 a‘rtos.
