3250 5350
112 541 216 608 tusca.
241 537 317 620 VL]
657 541 723 608 ldb

106 709 198 810 Ἄρχει
231 716 348 812 χρόνος
377 709 473 787 τοῦδε
509 719 741 814 ψηφίσματος.
786 713 831 785 Ἡ
856 713 979 803 βουλὴ,
1014 716 1045 824 oi
1077 711 1286 788 πεντακόσιοί

112 851 252 947 λόχοντες
277 859 327 946 τῷ
348 851 458 934 rodum
477 852 536 925 dre
556 851 745 946 Κλεογένης
764 855 897 948 πρῶτος
916 847 1186 945 ὅγραμμᾶτευει.
1229 849 1286 922 Ex

112 982 173 1079 ipso
205 984 394 1060 Andocidc
427 987 513 1060 satis
547 997 647 1084 patet
685 987 754 1059 boc
790 986 976 1058 decretum
1009 985 1054 1056 ad
1089 995 1232 1080 tempus
1265 1009 1288 1056 a

112 1114 206 1185 nostri
225 1113 411 1186 marmoris
435 1124 597 1211 tempore
617 1115 712 1186 baud
735 1111 976 1212 longinquum
999 1111 1124 1184 reterri
1141 1113 1286 1184 debere.

114 1243 228 1318 Similis
270 1247 406 1320 decreti
449 1257 531 1343 post
582 1245 730 1344 triginta
772 1255 946 1342 tyrannos
995 1244 1161 1339 expulsos
1203 1242 1288 1316 facti

114 1373 259 1447 meminit
301 1376 514 1475 Lycurgusq
557 1378 654 1475 quod
697 1375 790 1447 idem
835 1397 914 1446 esse
955 1397 1036 1447 cum
1080 1373 1289 1447 Andocides

113 1509 257 1576 statuere
293 1504 436 1578 Potitus
477 1515 514 1577 et
551 1504 611 1578 alii
649 1505 745 1576 haud
777 1503 863 1576 satis
895 1503 1034 1576 idoneis
1067 1503 1290 1602 argumentis

113 1629 192 1706 freti.
248 1633 370 1708 Verba
387 1636 485 1710 enim
506 1637 639 1709 decreti
658 1661 679 1708 a
699 1635 871 1734 Lycurgo
894 1635 1031 1732 prolata
1047 1661 1128 1710 curn
1148 1639 1293 1710 decreto

113 1767 192 1858 apud
225 1767 449 1842 Andocidem
482 1769 628 1841 minima
655 1778 877 1866 congruunt.
930 1768 1178 1840 Andocideum
1203 1791 1293 1865 ergo

114 1901 285 1975 decretum
312 1927 357 1976 eo
384 1929 482 1977 anno
508 1908 605 2003 quod
631 1904 776 2002 respicit
799 1916 921 1978 nostra
947 1906 1132 2004 inscriptio
1158 1908 1292 1980 facturn

116 2051 180 2104 esse
206 2035 452 2108 Bartbeiemio
485 2046 522 2108 et
549 2037 712 2112 Biickhio
737 2039 851 2109 visum
884 2051 949 2110 est.
1002 2042 1033 2114 Α
1064 2041 1196 2138 quibus
1222 2066 1294 2140 ego

117 2185 176 2236 non
195 2165 378 2241 dissentio.
434 2168 648 2267 Legendum
672 2194 772 2268 ergo,
800 2179 841 2242 ut
864 2183 972 2245 antea
997 2172 1083 2261 dixi,
1110 2181 1295 2270 Κλεογενες

116 2316 169 2387 pro
194 2305 374 2392 Κλργενες.

178 2427 221 2500 L.
247 2443 280 2498 2.
323 2435 461 2527 Ηιερῶγ
484 2428 677 2527 χρημάτων.
730 2427 840 2517 Quod
866 2429 1097 2504 mutationem
1124 2433 1295 2508 elementi

116 2587 129 2622 r
149 2557 183 2628 in
207 2591 235 2654 γ
261 2567 347 2632 ante
372 2592 399 2658 χ
422 2559 550 2632 attinet
575 2557 615 2630 cf
636 2555 906 2630 Praesationem.

174 2692 362 2767 Ἐκπετείων.
418 2690 583 2789 Vectigal
607 2712 768 2763 annuum
792 2690 889 2787 quod
915 2692 1046 2789 templo
1071 2694 1298 2791 pendebatur

116 2820 164 2894 hic
200 2825 305 2897 innui
348 2834 479 2921 putant
519 2822 781 2896 Bartbelemius
827 2833 864 2895 et
910 2824 1106 2900 Biickhius.
1159 2826 1296 2901 Vocem

116 2952 251 3044 quidem
278 2952 349 3025 hoc
374 2975 481 3025 sensu
507 2974 580 3022 non
603 2960 809 3047 agnoscunt
832 2949 978 3038 Lenica,
1006 2958 1104 3051 quod
1125 2956 1298 3030 effecerat

115 3094 148 3154 ut
169 3087 218 3162 de,
238 3085 310 3157 alia
330 3108 475 3183 prorsus
499 3081 794 3177 interpretatione
821 3080 858 3153 in
886 3087 1121 3181 sequentibus
1148 3088 1298 3185 inscrip-

116 3208 261 3291 tionibus
288 3217 498 3315 cogitarem,
525 3214 622 3311 quod
649 3236 730 3285 curn
759 3212 960 3287 Bdckhium
986 3218 1216 3305 monuissem,
1244 3218 1299 3290 his

147 3419 155 3450 ¹
175 3419 310 3477 Coruinus
337 3416 420 3491 (quud
450 3416 478 3471 in
505 3410 553 3468 illo
580 3410 677 3480 miror)
719 3404 828 3487 Ἀρχει
857 3407 964 3488 χρόνον
994 3409 1078 3467 τοῦδε
1104 3413 1299 3487 ψηφίσματα

112 3513 205 3574 ultima
237 3516 358 3593 pessime
390 3510 485 3571 vertit.
535 3516 554 3543 “
571 3504 677 3581 Incipit
726 3510 745 3575 r}
781 3504 875 3577 βονλη
888 3509 915 3563 οἷ
952 3530 1135 3563 unvamma
1174 3532 1200 3562 κ.
1214 3532 1242 3563 τ.
1253 3512 1301 3566 λλ

111 3606 184 3685 drp'rrr
208 3610 313 3670 decreti
340 3618 455 3684 tempus.
508 3604 626 3661 Senatus
649 3607 676 3656 et
727 3600 821 3657 “Hoc
847 3602 985 3657 decretum
1011 3600 1067 3657 nim
1092 3601 1172 3658 dubet
1193 3622 1226 3658 er
1248 3622 1302 3678 pun

111 3706 247 3784 tuingen&
264 3706 402 3785 fabarum
429 3701 564 3779 mtffrngs'o
598 3696 677 3755 electi
726 3718 811 3757 nonus
842 3698 1052 3777 quingentorum
1078 3707 1199 3769 renatus,
1226 3700 1302 3757 tribe

109 3802 172 3869 ‘ivl'
202 3803 310 3862 Debuit
323 3810 418 3859 autem
433 3810 450 3835 ‘⁶
459 3798 577 3855 Senatus
589 3795 678 3870 (quin-
728 3794 861 3851 AEorrtide
905 3795 1069 3870 presidente
1116 3794 1300 3875 Cleogencque

109 3899 183 3972 genti
221 3899 329 3957 scilicet
353 3896 489 3976 sudorum
521 3893 599 3966 dscl')
634 3889 679 3946 uel
727 3890 823 3945 scribe
835 3876 943 3945 moenere
943 3888 1094 3968 fungente,
1108 3886 1217 3944 babitus
1232 3886 1302 3947 rit.''

111 3992 260 4053 “Senatus
289 3988 528 4070 quingentorum.”
577 3986 680 4043 Praeter
732 3988 762 4045 S.
785 3986 891 4043 Petitur
919 3986 1030 4060 quidem
1058 3986 1139 4060 (teg.
1165 3990 1217 4041 att.
1246 3983 1302 4041 111.

110 4088 357 4163 quingentosenim
371 4086 432 4162 quis
442 4084 582 4141 aliuserat
596 4082 682 4139 Sena·
730 4080 765 4137 T.
788 4080 828 4138 Π.
861 4099 888 4155 p.
908 4084 989 4153 232.)
1015 4080 1111 4137 eodem
1139 4078 1196 4135 sere
1219 4078 1302 4135 modo

108 4190 167 4242 tus?
183 4186 239 4245 Sed
248 4183 318 4243 nihil
328 4184 382 4241 bac
390 4180 529 4239 locutione
538 4176 680 4249 vulgarius
731 4174 836 4246 locum,
871 4184 903 4233 ut
927 4194 1001 4232 nunc
1027 4174 1305 4242 exhibetur‚·vertit.

109 4282 127 4347 η’
136 4280 243 4355 βουλή,
259 4287 285 4339 oi
299 4278 481 4337 πεντακόσιοι
494 4294 545 4351 pro
558 4272 680 4348 η’βουλὴ
732 4271 870 4347 “Incipit
896 4280 1001 4347 tempus
1023 4272 1105 4347 ἧψε
1133 4270 1307 4348 Psepdt'mma·

109 4378 386 4435 deterrerentur:
416 4372 507 4431 [ocus
521 4371 683 4445 autemipse
734 4370 771 4425 tis
802 4388 836 4425 cs
868 4388 929 4445 quo,
968 4368 1177 4445 quingentorum
1209 4376 1306 4425 senato

110 4472 178 4529 mibi
193 4480 338 4547 corruptus
359 4470 476 4527 videtur.
517 4466 593 4535 Quid
610 4466 683 4523 enim
733 4471 911 4539 sorteccpto,
931 4462 1203 4539 Cleogcnesprdmom
1216 4463 1306 4521 scriba

110 4566 160 4625 sibi
175 4568 275 4625 volunt
289 4564 461 4650 ista‘Apxa
479 4561 583 4646 χρόνος
599 4562 682 4621 τοῦδε
734 4559 823 4617 crnt.''

111 4665 327 4743 ψηφίσματοςί
362 4661 439 4733 Quid
470 4662 493 4717 ai
519 4660 683 4735 legeremus.
774 4654 1009 4730 'Lycurgadm
1025 4654 1121 4713 teser.
1137 4673 1164 4728 p.
1181 4650 1247 4709 165.
