3250 5350
783 448 849 544 (vi)

240 634 313 708 Sed
330 635 418 709 nihil
442 636 512 710 tale
538 636 575 709 in
604 661 727 712 musco
744 637 916 714 Nuniuno
942 649 1047 726 cutut,
1071 642 1161 716 nihii
1186 642 1256 716 tsic
1273 640 1417 718 Nauius

240 790 397 865 unquuun
421 766 571 863 accepit,
598 777 638 840 ut
654 793 676 840 a
693 768 768 841 viro
795 769 925 844 eximio
951 770 1092 845 Comitc
1112 770 1278 869 Tiepnio,
1301 768 1417 848 Nuuii

241 923 378 992 succro,
396 900 515 974 didici.
556 899 605 974 Et
630 913 801 997 praetereu
816 902 1102 1002 Pctn'zzopulus,
1121 906 1217 1004 quod
1235 903 1418 980 Biickhius

241 1031 327 1106 mihi
347 1031 529 1121 indicavit,
546 1032 584 1106 in
611 1057 678 1109 suo
699 1035 821 1110 libciio
837 1036 1029 1112 multorum
1044 1036 1216 1115 libsnrum
1232 1037 1339 1113 fidem
1355 1037 1418 1111 cd-
1570 1019 1575 1023 ⁴

238 1175 354 1254 vocat,
384 1166 446 1264 qui
475 1175 595 1240 tumen
622 1167 768 1244 mininis
802 1176 937 1244 extent.
989 1169 1086 1261 Quid
1114 1194 1203 1272 ergo
1233 1171 1280 1244 dc
1307 1169 1420 1266 ipsius

239 1295 479 1394 Pctuizzopuii
505 1297 575 1372 tide
593 1297 830 1397 judicandum
856 1300 903 1372 sit
926 1322 996 1398 ego
1026 1300 1163 1390 nescio,
1185 1322 1266 1374 cum
1293 1321 1419 1375 omues

237 1426 342 1499 amici
373 1425 428 1500 sui
455 1427 501 1500 ud
526 1451 637 1500 unum
667 1429 779 1502 virum
807 1429 977 1504 eximium
1007 1455 1087 1510 esse
1116 1431 1249 1521 dicunt.
1298 1431 1418 1506 Credo

237 1561 382 1662 quidem
406 1560 616 1636 auctoritate
639 1560 770 1638 cruditi
794 1562 978 1662 cujusdam
1005 1561 1088 1638 Ituli
1114 1563 1241 1654 frctus,
1267 1561 1417 1636 nebulo·

237 1717 320 1768 nem
354 1693 534 1789 quendam
569 1694 726 1773 facetum
756 1694 879 1770 titulos
919 1695 1002 1770 istos
1033 1695 1204 1771 librorum
1234 1717 1417 1772 commen-

235 1828 331 1902 titios
366 1827 511 1901 tinuisse
545 1837 587 1902 nt
624 1825 917 1926 Petrizzopuiuuu
950 1829 1088 1907 bouum
1121 1830 1266 1929 quidem
1315 1828 1414 1904 ilium
1452 1906 1454 1909 ,

235 1971 273 2035 at
291 1961 437 2034 minime
454 1962 596 2034 doctum
622 1960 776 2036 ludibrio
799 1972 967 2040 verteret.
1016 1963 1123 2055 Quod
1148 1962 1416 2060 inscriptionem

235 2093 377 2182 attinet,
410 2089 441 2164 si
474 2091 547 2165 ulis
580 2089 667 2165 fides
700 2089 955 2189 Petrizzupulo
986 2093 1154 2172 habenda
1183 2092 1242 2183 sit,
1279 2092 1418 2167 viderat

235 2227 279 2302 Ε.
294 2227 360 2304 W.
373 2223 579 2324 Montuguc
603 2223 800 2298 extrahis
823 2226 980 2315 rediens,
1004 2223 1235 2324 septuaginta
1252 2225 1330 2300 fere
1352 2223 1417 2298 uis-

235 2360 322 2434 hinc
335 2357 451 2432 annis.
497 2355 610 2429 Haud
625 2378 714 2455 ergo
729 2356 776 2429 ub
793 2354 872 2453 ipso
898 2355 1157 2453 Petriuzopulc
1177 2355 1333 2430 conficta
1349 2365 1414 2430 cst

235 2487 376 2579 utute,
405 2487 437 2561 si
462 2511 562 2560 suum
589 2484 697 2560 iidem
727 2484 885 2562 stabilire
913 2485 1011 2576 velit,
1032 2486 1096 2564 ubi
1121 2485 1284 2585 gentium
1308 2485 1416 2564 hodic

233 2628 344 2710 cutct,
368 2641 436 2692 nos
461 2639 610 2691 monere
634 2613 754 2692 debet.

308 2752 352 2825 P.
367 2766 427 2841 92.
463 2748 655 2823 Vusculuun
686 2746 882 2823 Locrense.
934 2747 1120 2826 Kiihlcrus
1143 2757 1243 2825 recte
1268 2747 1416 2823 omniuo

232 2890 278 2961 de
294 2884 450 2959 lectione
472 2883 582 2983 hujus
609 2878 745 2957 vasculi
771 2882 906 2955 statuit
951 2879 1048 2955 Mihi
1070 2880 1195 2962 saitem
1223 2904 1285 2955 vus
1310 2904 1416 2954 uccu·

232 3019 343 3095 ratius
361 3029 399 3093 ct
414 3014 549 3115 pluries
566 3011 769 3112 inspicienti
786 3004 1058 3081 tnuenott&
1076 3012 1129 3090 ibi
1144 3012 1253 3091 scribi
1274 3011 1415 3110 procui·

231 3150 343 3227 dubio
358 3148 472 3227 visum
494 3157 559 3223 cst.

579 3451 817 3517 nnnuuun
841 3449 1069 3525 Quunnu.

662 3584 703 3702 s
806 3624 836 3698 1.

306 3778 427 3854 Cascis
444 3774 553 3851 hodic
574 3775 611 3849 in
639 3774 772 3850 Museo
790 3773 1036 3874 Nsupolituuo
1056 3781 1273 3861 asservatur,
1289 3774 1414 3870 puucis

231 3912 365 3988 abhinc
380 3908 486 3984 annis
504 3907 613 3983 Paesti
631 3920 789 4004 repertu.
833 3908 890 3983 lbi
906 3908 992 4009 legi,
1009 3916 1049 3983 ut
1066 3906 1179 4004 potui,
1203 3908 1281 3980 haec
1304 3905 1415 3982 iitssis

230 4038 453 4141 pcmntiquis
473 4037 606 4136 scriptu

616 4162 844 4242 ΕΡΙΦΟΝΑΙ

619 4268 907 4349 nmmum

233 4430 359 4505 Plures
374 4428 495 4502 forsan
513 4424 626 4501 litcrae
650 4424 695 4502 ad
713 4424 900 4524 utriusque
917 4422 1014 4499 sucis
1031 4421 1171 4497 initium
1200 4420 1238 4497 iu
1264 4417 1412 4497 Casside
1467 4474 1470 4479 .

232 4563 394 4639 extitere.
