3250 5350
37 437 39 462 l
139 489 250 556 lusca.
274 487 330 568 V.]
699 497 768 574 117

311 779 463 862 Crass.
491 777 583 861 ΙΙΙ.
636 779 763 862 Soor.
792 779 830 860 Ι.
883 778 1035 862 Isson.
1064 781 1116 862 V.

367 1013 627 1088 MARMOR
673 1001 1079 1091 ATHENIENSE.

609 1227 701 1284 'rso
726 1227 843 1286 xvnr.

657 1429 795 1480 -φ-

344 1625 468 1691 Biiclsh.
487 1623 534 1689 ll.
560 1648 594 1707 p.
614 1629 684 1694 198.
726 1621 820 1702 (Tab.
839 1620 885 1687 ll.
910 1621 1009 1686 loscr.
1030 1621 1111 1698 lli.)
1155 1607 1159 1617 ’

199 1817 338 1906 Emr
358 1831 437 1902 brec
460 1828 646 1924 inscriptio
670 1829 706 1898 in
724 1826 867 1909 schedis
890 1824 1196 1912 Foormontiouis,
1222 1831 1320 1900 undo

136 1957 319 2054 descripsit
336 1957 541 2042 Bekkerus,
558 1953 795 2051 Bbchhioque
809 1954 919 2026 dedit.
970 1954 1056 2048 lpse
1072 1956 1320 2051 apographum

137 2085 458 2160 l'ourmontiannm
483 2084 639 2160 Lutetiis
661 2107 759 2156 anno
784 2081 948 2178 proximo
972 2083 1055 2155 ridi.
1097 2084 1219 2178 Prope
1232 2084 1321 2156 Cur-

135 2219 249 2296 batum
274 2223 313 2294 in
342 2223 464 2296 Attica
487 2243 642 2292 marmor
670 2227 854 2314 repertum
882 2228 947 2289 est.
1000 2215 1217 2315 Quicunque
1242 2217 1321 2290 ani·

136 2351 361 2428 madverterit
393 2350 536 2449 quoties
565 2371 747 2447 quumque
778 2347 927 2420 ridicule
954 2325 1000 2417 in⁸
1026 2328 1218 2445 Ar'nyclaeis
1245 2349 1322 2422 istis

134 2480 421 2580 inscriptionibus
446 2483 565 2577 lapsus
590 2479 636 2552 sit
658 2475 929 2565 Fourmontius,
957 2478 986 2550 is
1011 2487 1110 2550 certe
1135 2501 1321 2574 nunquam

133 2611 369 2709 suspicabitur
407 2611 501 2685 hanc
517 2587 809 2704 ¹inscriptionem
849 2631 873 2678 a
915 2605 1095 2680 nebulone
1126 2607 1194 2680 isto
1231 2607 1322 2706 tingi

132 2745 292 2835 potuisse
308 2746 331 2813 ¹.
384 2742 582 2816 Decretum
609 2750 665 2814 est
699 2762 743 2812 eo
769 2762 895 2811 caussa
927 2740 1061 2812 facturn
1095 2749 1136 2810 ut
1168 2740 1323 2835 pecunia

132 2892 151 2939 a
177 2870 347 2945 Deorum
382 2870 560 2945 thesauris
595 2878 757 2942 mutuato
788 2869 1012 2941 redderetur.
1065 2864 1170 2939 Nihil
1202 2866 1322 2941 notius

131 2998 195 3072 hoc
228 3024 332 3075 more
363 3000 528 3097 pecuniae
562 3024 585 3069 a
617 2997 759 3095 templis
793 2995 1034 3070 rnutnandae¹.
1102 2996 1186 3086 Quo
1225 3024 1323 3073 anno

134 3129 317 3203 decretum
344 3130 479 3202 facturn
508 3127 555 3199 sit
579 3127 649 3201 dici
671 3128 809 3221 nequit,
838 3126 1000 3224 quamvis
1029 3150 1052 3198 a
1083 3150 1196 3220 scopo
1226 3120 1323 3201 haud

131 3255 237 3357 longe
270 3262 442 3333 aberrare
471 3254 660 3355 possimus.
714 3258 810 3357 Ante
839 3254 1045 3327 anarchiarn
1075 3254 1211 3326 facturn
1239 3255 1324 3328 satis

131 3398 227 3481 patet
260 3389 297 3461 iu
332 3388 413 3483 ipso
442 3388 545 3479 enirnj
562 3388 709 3459 decreto
737 3384 870 3456 dicitur
893 3383 1084 3478 pecuniam
1112 3380 1194 3453 Diis
1220 3380 1322 3454 reddi

165 3611 323 3685 ¹Longius
339 3612 450 3686 quidem
466 3630 550 3687 quam
572 3628 623 3687 ego
642 3628 705 3683 pro·
755 3608 916 3665 Fourrnonti
942 3609 1031 3665 seiten
1057 3610 1101 3667 die
1129 3609 1324 3669 Gelehrtesten

130 3720 237 3774 gressus
271 3714 313 3761 est
345 3722 424 3761 meos
450 3702 594 3761 Biickhius
627 3704 706 3776 cujus
756 3702 911 3758 haumeine
925 3704 1182 3779 Ahoongbatten.'’
1215 3690 1325 3763 orell.

129 3794 366 3854 verbaexecribo.
402 3790 428 3830 '“
441 3796 594 3853 Fourmont
605 3813 663 3851 war
673 3814 706 3851 uu
758 3797 796 3855 11.
825 3816 854 3870 p.
879 3804 944 3865 198.
995 3800 1057 3857 Ner
1083 3798 1165 3857 aliter
1189 3802 1216 3857 in
1239 3802 1325 3860 literis

128 3892 297 3961 onwissend‚
320 3910 367 3947 um
382 3890 480 3965 irgend
493 3900 580 3947 etwas
595 3908 708 3947 zusam-
758 3890 845 3948 MSS.
886 3893 1017 3968 “Accipe
1030 3886 1207 3969 plebiscitum
1219 3898 1326 3974 insigne

130 3986 362 4061 meahangeodos
376 3986 518 4063 ardichteo
532 4006 565 4043 zu
584 3988 706 4070 konnen,
757 3988 831 4044 inter
864 3988 1025 4047 fourmooti
1057 3992 1152 4066 copias
1185 4002 1325 4068 repertum

127 4082 304 4155 geschweige
329 4078 402 4137 deno
425 4082 485 4138 eine
508 4082 632 4139 urkunde
656 4082 706 4140 wie
757 4083 828 4157 quod
846 4101 935 4158 neque
955 4085 991 4141 ab
1007 4084 1061 4142 isto
1082 4086 1168 4143 Gallo
1184 4106 1273 4163 neque
1289 4091 1325 4146 ab

125 4174 166 4233 die
185 4174 331 4251 folgende,
354 4174 460 4231 welche
484 4176 572 4235 selbst
590 4176 640 4233 der
659 4194 707 4249 ge·
756 4174 812 4233 ullo
827 4178 882 4235 alio
895 4178 962 4253 fingi
975 4188 1003 4237 et
1013 4183 1128 4257 supponi
1137 4184 1265 4258 potuisse,
1279 4188 1325 4261 qui

125 4276 225 4327 oauste
251 4268 369 4324 Kenoer
391 4266 441 4324 der
460 4268 598 4325 attischeo
623 4266 705 4325 'siller-
756 4270 856 4329 Graeoe
868 4271 1003 4343 didicerit,
1023 4274 1166 4348 intelliget
1168 4276 1187 4301 ”

125 4364 243 4423 thiimer
256 4360 337 4421 nicht
346 4363 426 4421 h'atte
440 4364 568 4421 ersinnen
581 4363 702 4433 idoneo,

123 4462 180 4517 und
205 4458 300 4517 wbrin
321 4456 365 4515 die
389 4458 504 4517 leiosten
530 4456 636 4535 Regeln
656 4460 704 4515 der
795 4460 955 4537 ².Tbucyd
966 4461 1006 4521 ΙΙ.
1023 4467 1069 4521 13.
1103 4461 1150 4523 Cl.
1165 4464 1275 4527 Bdrlrb.
1285 4468 1325 4527 11.

124 4556 250 4630 sprache
271 4552 376 4629 belolgt
395 4552 467 4625 sind,
489 4574 543 4613 von
565 4554 651 4613 denen
671 4572 703 4611 zu
754 4574 783 4629 p.
801 4562 869 4615 130.
998 4562 1004 4581 '
