3250 5350
69 467 70 470 Ἴ
196 505 328 570 lnscn.
352 493 412 598 V.]
752 509 821 572 13³

69 773 70 780 ἵ
276 677 393 752 Pnrr.
418 675 461 748 V.
503 677 546 750 In
574 678 667 751 banc
694 673 902 776 Prytanism
933 695 1016 774 qum
1043 676 1089 749 ad
1115 675 1327 776 vigesimum
1357 690 1394 753 et

69 851 71 866 s
195 809 393 904 septimum
411 805 649 884 Possideonis
666 809 819 896 duravit,
839 807 1015 896 incidere,
1038 817 1171 906 practer
1191 807 1261 882 alia
1278 833 1391 898 sucro,
1420 835 1426 845 ’

195 963 334 1038 magna
354 940 412 1014 ilia
441 938 619 1039 Dionysia
642 941 712 1014 κατ’
736 941 862 1040 cippario
888 941 1021 1037 quibus
1043 939 1237 1014 histriones
1259 965 1305 1016 ex
1320 941 1393 1015 alio

193 1074 332 1170 populo
363 1075 408 1146 ud
440 1071 549 1146 alium
584 1072 812 1148 circumvecti
847 1073 959 1146 fuisse
991 1071 1201 1162 ridentur¹3
1238 1075 1394 1148 maxima

193 1217 319 1277 autern
352 1229 451 1294 cura,
492 1214 529 1278 et
561 1205 744 1278 bominum
778 1203 985 1302 frequentia
1017 1199 1136 1278 Piraeo
1170 1228 1273 1278 sacra
1297 1207 1393 1280 fucta

193 1351 313 1427 erant,
344 1339 442 1412 unde
469 1361 602 1412 nomen
630 1335 853 1413 Piraicorum
879 1335 1076 1434 aliquando
1105 1336 1267 1412 habuere
1278 1339 1303 1410 ⁹.

270 1468 391 1542 Pnrr.
418 1467 483 1540 Vl.
530 1468 614 1558 Hic,
657 1479 693 1541 et
734 1469 771 1540 in
812 1467 994 1568 Prytaniis
1024 1467 1271 1564 sequentibus,
1316 1493 1391 1544 nou
1500 1457 1504 1462 ⁸

192 1613 336 1676 tantum
369 1602 447 1699 ipsa
477 1599 664 1700 Prytanis,
700 1601 902 1676 sedetiam
933 1599 1011 1674 dies
1043 1599 1174 1698 quibus
1201 1601 1341 1698 aliquid
1370 1629 1392 1678 e

192 1731 378 1806 thesauris
416 1741 645 1806 numeratum
688 1743 755 1818 est,
802 1740 1060 1806 memorantur.
1127 1729 1181 1802 Hi
1218 1732 1297 1806 dies
1336 1733 1391 1820 (id

191 1865 294 1962 quod
324 1861 591 1937 Burthelemius
622 1863 893 1958 animadvertit)
925 1872 991 1937 aut
1016 1863 1127 1936 iidem
1154 1873 1240 1936 sunt
1266 1887 1311 1938 ac
1341 1865 1392 1938 iiii

190 1997 341 2094 quibus,
379 1995 530 2095 singuiis
566 1994 760 2094 Prytaniis,
797 2021 819 2070 e
852 2019 955 2070 more
988 1995 1133 2070 solenni
1164 1997 1268 2094 plebs
1304 1999 1412 2070 con·¹

190 2127 320 2201 venire
355 2126 495 2214 debuit,
526 2135 590 2199 aut
618 2127 744 2200 saltem
775 2127 822 2200 ab
851 2125 897 2198 iis
925 2149 1036 2223 quarn
1063 2126 1213 2200 minime
1245 2127 1390 2202 absunt.

190 2257 301 2350 Quod
348 2258 443 2330 baud
476 2257 582 2331 alium
617 2259 664 2331 ob
702 2281 847 2332 causam
887 2258 1022 2332 iactum
1058 2268 1116 2332 est
1149 2283 1259 2357 quum
1293 2261 1391 2355 quod

189 2391 309 2489 piebis
332 2390 549 2465 auctoritate
572 2393 652 2465 brec
676 2392 793 2466 omnis
815 2391 971 2488 pecunia
997 2403 1262 2464 numeraretur.

265 2523 353 2598 Vox
369 2524 607 2620 ᾰνομολόγημα
632 2523 782 2597 minime
809 2523 990 2620 explicatu
1014 2520 1142 2594 facitis.
1186 2519 1391 2620 Nusquam,

191 2671 371 2759 quantum
399 2661 523 2748 sciam,
550 2655 638 2733 alibi
658 2657 827 2731 occurrit.
868 2655 959 2731 Non
978 2680 1072 2753 opus
1095 2663 1137 2728 ut
1155 2653 1390 2731 Barthelemii

191 2794 475 2895 explicationem
506 2793 720 2883 exscribam,
747 2816 829 2866 cum
862 2792 922 2865 iiie
954 2788 1145 2889 pecuniam
1177 2790 1316 2891 ubique
1342 2792 1390 2865 ab

192 2930 472 3005 Helienotamiis
518 2940 741 3004 numeratam
781 2952 861 3002 esse
901 2928 1121 3016 existimans,
1163 2952 1239 3000 rem
1277 2939 1390 3002 totam

191 3060 407 3137 turbaverit.
463 3060 650 3135 Boethius
680 3060 941 3157 interpretatur
970 3056 1117 3133 “Nocb
1144 3058 1391 3158 anweisung.’‘

191 3194 481 3271 Hellenotsmias
522 3218 572 3269 sc.
616 3204 720 3292 putat
760 3193 952 3290 pecuniam
990 3192 1075 3264 duci
1111 3192 1390 3266 Atheniensium

191 3349 247 3399 res
267 3328 308 3398 in
331 3324 475 3399 Eretria
491 3322 635 3424 gerenti
653 3322 873 3420 promisisse,
895 3331 934 3393 et
955 3330 1059 3393 sexta
1081 3318 1255 3417 Prytanis
1274 3321 1391 3419 plebis

189 3454 448 3529 auctoritatem
471 3453 670 3543 obtinuisse
688 3462 729 3525 ut
747 3450 784 3524 ai
807 3448 985 3547 promissa
1006 3448 1162 3547 pecnnia
1180 3450 1390 3527 solveretur.

191 3588 255 3663 Bis
284 3598 412 3685 postea
438 3610 510 3661 vox
538 3584 708 3675 occurrit,
733 3580 932 3680 pandulum
953 3582 1052 3655 infru
1084 3582 1225 3657 scilicet
1257 3584 1295 3657 in
1320 3585 1391 3659 bac

189 3722 381 3821 Prytania,
415 3724 461 3795 τᾶ
494 3724 528 3795 ἐκ
552 3722 667 3805 Σάμου
688 3716 946 3813 ᾰνωμολογῆθη,
979 3728 1017 3791 et
1042 3728 1170 3816 postea
1191 3719 1233 3793 in
1262 3729 1392 3796 octava

189 3852 381 3951 Prytanis,
421 3853 465 3923 ‘ra'
496 3852 534 3924 ἐκ
571 3849 683 3934 Σάμον
716 3845 1010 3942 ἀνωμολόγησαφο
1028 3902 1037 3919 .
1053 3852 1062 3919 ζ
1079 3904 1088 3919 .
1103 3902 1112 3921 .
1130 3878 1236 3947 paxae
1266 3849 1392 3925 damis

187 3990 407 4082 στρατηγοῖς
432 3986 466 4057 ἐν
491 3984 603 4077 Σάμῳ.
640 3980 722 4083 ,vn
738 3982 806 4056 ccl.
824 3982 1034 4056 thesaurum
1053 3984 1222 4057 habuisse
1238 3983 1391 4059 Atheni-

188 4138 299 4187 enses
324 4114 362 4187 in
390 4112 509 4187 insula
532 4111 670 4186 Samo³
689 4111 878 4200 existimat,
901 4110 1137 4211 ubirestignl
1153 4131 1201 4184 ex
1216 4110 1391 4207 proximis

231 4294 767 4357 ¹cf.s10ms.inn1us.cnr.r0m.
818 4294 943 4354 mmm.
1005 4276 1216 4355 isos-mn.
1265 4307 1297 4370 p.
1342 4302 1390 4358 ss.

186 4392 232 4454 n.
247 4400 339 4468 nm.
819 4392 964 4469 wama.
988 4388 1053 4449 vn.
1092 4390 1242 4449 nannet
1266 4410 1298 4467 p.
1322 4396 1391 4459 rm.

229 4487 311 4547 'ct
334 4488 461 4547 Bartbcl.
483 4490 529 4548 ubi
550 4486 635 4564 supra
655 4509 684 4564 p.
697 4497 768 4553 401.
819 4496 848 4545 ct
871 4488 981 4547 Biickb.
1010 4486 1107 4546 Graec.
1130 4487 1217 4563 Trag.
1244 4487 1338 4545 Princ.
1364 4504 1390 4546 c.

184 4591 219 4639 et
233 4578 382 4655 Spalding.
405 4580 490 4641 Praes.
511 4582 548 4639 ad
571 4580 722 4647 Demosth.
743 4603 769 4641 c.
820 4584 881 4645 xvi.
1168 4629 1175 4643 ,
1386 4650 1393 4669 ¹

186 4676 268 4737 Mid.
296 4697 326 4753 p.
347 4678 433 4739 xvi.
456 4689 487 4739 at
512 4679 542 4749 in
568 4680 651 4739 Actis
677 4682 769 4749 dead.
860 4676 1244 4759 {lpsaSsmosaimdpor
1261 4674 1392 4738 sacrant
