3250 5350
806 522 875 600 172
1212 516 1363 599 [Crass.
1386 515 1447 581 lll.

332 696 487 773 “Venio
513 698 558 769 ad
584 694 822 783 anthonium,
851 694 910 767 cui
935 716 1067 765 nomen
1096 716 1200 765 suum
1224 717 1246 765 e
1274 715 1451 766 marmore

258 832 434 906 vindicavi
447 828 472 901 ¹.
539 826 607 901 Est
653 838 754 900 torus
795 824 1016 897 minusculus
1062 824 1159 897 inter
1209 822 1373 896 canalem
1418 836 1453 898 et

259 966 443 1051 echinum,
467 960 529 1059 qui
546 961 650 1034 lineis
678 960 772 1030 inter
800 980 839 1028 se
866 954 1061 1052 complexis
1087 964 1126 1026 et
1151 954 1451 1038 discurrentibus,

258 1092 452 1189 superioris
472 1093 585 1163 instar
606 1091 642 1159 in
671 1087 768 1182 spira
794 1084 874 1170 tori,
899 1084 1079 1156 obductus
1105 1093 1170 1154 est.
1223 1082 1296 1171 Qui
1314 1082 1453 1154 torulus

259 1247 341 1295 cum
367 1221 526 1293 canalem
545 1226 581 1291 et
604 1216 773 1289 echinum
791 1215 972 1311 aptissime
993 1214 1089 1289 inter
1106 1237 1168 1285 eos
1185 1215 1451 1311 conjungeret:

260 1352 367 1427 etiam
395 1350 431 1421 in
451 1346 587 1443 'priscis
612 1345 741 1417 Ionum
772 1343 914 1439 templis
939 1342 1120 1414 adhibitus
1146 1352 1236 1427 erat,
1261 1352 1376 1438 atque
1408 1345 1453 1415 oh

260 1482 345 1555 serti
391 1479 546 1575 speciem
588 1496 799 1570 pancarpus
844 1469 995 1544 dictus¹.
1064 1470 1138 1541 Sed
1181 1494 1282 1541 nunc
1325 1472 1454 1544 nullibi

258 1619 408 1707 apparet
434 1608 502 1680 nisi
527 1608 565 1679 ln
592 1605 837 1679 Erechtheo?
1138 1604 1141 1609 ’

337 1734 513 1809 “Echini
540 1734 767 1807 crassitudini
794 1734 831 1804 id
860 1733 965 1828 spatii
995 1733 1135 1805 detrahi
1166 1754 1327 1820 necesse,
1355 1738 1454 1832 quod

259 1869 444 1945 anthemio
470 1870 590 1939 datum
617 1868 728 1937 erat.’'

336 2002 360 2036 “
379 1993 481 2065 lnira
510 1992 679 2069 echinum
705 1992 1019 2090 hypotracholium
1044 2002 1109 2073 est,
1135 1991 1220 2063 huic
1249 1992 1317 2064 aedi
1351 2005 1391 2065 et
1419 1994 1454 2065 id

259 2122 456 2221 peculiare.
499 2122 606 2212 Quod
633 2122 752 2209 efficit,
779 2130 820 2193 ut
847 2121 978 2193 volutas
1003 2144 1149 2216 scapum
1178 2146 1253 2192 non
1285 2134 1453 2220 tangant,

261 2250 360 2345 quod
377 2249 414 2320 in
439 2249 565 2321 ceteris
590 2248 756 2322 omnibus
775 2250 907 2321 evenit.
959 2246 1058 2321 Nam
1077 2246 1235 2342 pertinet
1250 2250 1296 2319 ab
1316 2250 1454 2322 echino

259 2380 307 2453 ad
338 2402 486 2476 scapum
522 2378 698 2463 striatam,
735 2401 759 2449 a
792 2376 925 2473 quibus
958 2376 1138 2472 utrimque
1169 2378 1452 2451 discriminamus

259 2530 315 2593 est
347 2542 414 2616 per
447 2518 644 2615 astragalus
677 2516 753 2589 sive
783 2514 937 2609 scalptos
966 2515 1040 2585 sive
1075 2536 1200 2609 puros.
1251 2511 1455 2587 Altitudine

259 2648 498 2746 sesquimajus
526 2656 581 2718 est
603 2669 709 2742 quam
732 2646 884 2717 echinus
907 2667 989 2715 cum
1012 2644 1210 2718 anthemio.
1261 2642 1456 2738 Scalptura

258 2777 399 2850 imitari
428 2773 571 2846 videtur
601 2774 708 2845 flores
742 2789 779 2846 et
811 2773 975 2869 palmites
1009 2774 1179 2859 marinos,
1207 2777 1272 2846 sed
1304 2774 1456 2846 arbitrio

259 2899 408 2974 artificis
449 2899 849 2978 conformatos-Sed
889 2903 985 2974 haud
1033 2901 1145 2974 dubie
1184 2903 1256 2974 hoc
1301 2902 1456 2974 maxime

259 3036 568 3134 hypotrachelium
586 3037 761 3112 columnae
776 3039 963 3138 gravitatis
984 3043 1165 3138 quandam
1180 3041 1280 3112 addit
1296 3041 1456 3134 speciem
1479 3061 1483 3070 ·

259 3176 497 3265 augustaeque
541 3168 755 3266 majestatis:
801 3179 928 3240 contra
971 3167 1063 3240 exile
1110 3167 1199 3240 illud
1245 3169 1455 3262 capitulum,

262 3297 361 3392 quod
386 3295 493 3369 lones
514 3319 621 3391 scapo
646 3297 773 3395 gracili
794 3306 1113 3391 superposuerunt,
1139 3295 1293 3367 levitatis
1319 3296 1455 3391 aliquid

261 3423 372 3498 habet
399 3435 436 3498 et
461 3424 701 3499 mobilitatis.”

339 3545 552 3634 “Pulvina,
594 3573 660 3645 per
695 3572 775 3645 quae
808 3551 938 3623 voluta
972 3551 1068 3622 inter
1101 3573 1140 3620 se
1173 3551 1454 3650 conjungantur,

262 3679 444 3782 praecipue
487 3703 532 3750 eo
564 3704 587 3749 a
630 3681 751 3776 specie
783 3681 931 3779 vulgata
971 3681 1154 3766 differunt,
1191 3683 1289 3774 quod
1336 3681 1456 3765 baltei,

264 3807 394 3906 quibus
429 3810 530 3905 quasi
560 3811 849 3908 adstringuntur,
876 3837 949 3884 non
980 3811 1098 3884 media
1124 3819 1262 3884 tantum
1287 3811 1456 3910 cingunt,

262 3941 326 4011 sed
357 3963 421 4033 per
462 3961 569 4010 omne
604 3940 755 4035 spatium
800 3941 989 4014 distributa
1028 3950 1137 4015 sunt:
1181 3940 1233 4011 ita
1268 3950 1310 4011 ut
1349 3939 1456 4012 vltl.

262 4069 417 4140 existant
448 4065 523 4138 lora
555 4091 620 4163 pro
661 4092 734 4140 urio
768 4069 898 4142 balteo.
960 4070 1131 4141 Similiter
1162 4069 1338 4163 dispertiti
1373 4081 1457 4142 sunt

261 4195 300 4282 in
326 4197 476 4272 aedicula
501 4196 546 4280 ad
575 4195 731 4284 llissum,
755 4199 818 4270 sed
845 4198 1026 4293 scalptura
1047 4197 1292 4292 simpliciores.

273 4465 277 4473 ’
303 4461 313 4491 ¹
335 4459 423 4520 lustr·
437 4467 459 4533 t.
475 4475 504 4526 3.
882 4485 1002 4543 eucarpo
1041 4468 1193 4544 disputavit
1235 4467 1360 4528 Genelli.
1398 4468 1457 4527 litt.

303 4551 447 4614 'Vitruu
476 4558 530 4617 1v.
558 4569 582 4616 l.
610 4567 639 4627 7.
682 4563 772 4620 Acute
796 4561 830 4619 de
882 4578 960 4635 exeg.
975 4560 1015 4622 ll.
1030 4581 1058 4642 p.
1073 4571 1122 4630 29.
