3250 5350
132 434 244 524 lm'cr.
268 455 326 530 u]
679 459 742 522 111

247 941 249 948 ,
305 883 457 962 Curso.
482 881 571 960 1112
626 881 754 960 Sncr.
781 879 820 959 Ι.
875 877 1030 998 Iussu.
1055 877 1121 958 ΙΙ.
1227 906 1229 909 ·

234 1128 520 1202 MARMOR
577 1127 1112 1204 NOINTELIANUM
1151 1128 1203 1200 11.

631 1337 851 1444 nnu.xv.‚

658 1581 791 1628 —4—

197 1786 293 1870 Spon.
315 1784 453 1848 Miscstl.
479 1807 510 1867 p.
526 1793 598 1848 815.
647 1781 772 1852 Mrffei.
788 1781 878 1848 Mus.
897 1782 1015 1846 Veron.
1035 1806 1068 1866 p.
1085 1802 1242 1846 ccccrrr.

201 1991 297 2078 Hoc
318 2030 474 2080 marmor
490 2007 616 2077 eodem
635 2006 715 2077 loco
734 2027 807 2099 quo
826 2005 926 2099 prius
949 2004 1101 2075 Athenis
1118 2013 1317 2100 repertum,

137 2155 207 2210 curn
236 2162 279 2210 eo
318 2139 355 2208 in
393 2137 527 2209 Museo
566 2137 687 2234 Regio
722 2145 936 2208 asservatur.
973 2135 1158 2231 ‘Utrique
1194 2137 1319 2206 eadem

139 2263 275 2353 species,
305 2263 429 2334 eudem
456 2261 619 2348 latitudo,
647 2263 771 2334 eudem
799 2262 986 2356 scripturae
1014 2262 1116 2332 ratio.
1163 2261 1321 2356 Sponius

140 2393 191 2489 qui
216 2397 360 2488 primus,
385 2391 506 2478 edidit,
533 2390 571 2460 in
607 2393 732 2462 eodem
764 2390 846 2462 ioco
878 2391 985 2460 “alia
1013 2390 1085 2460 duo
1115 2388 1322 2486 fragmento

140 2523 362 2596 Pandionidis
390 2533 425 2595 et
445 2517 630 2594 Leontidis
657 2519 782 2608 tribus,
798 2497 848 2591 in
872 2523 1003 2618 quibus
1028 2521 1129 2592 nudo
1151 2510 1325 2620 leguntur

140 2655 311 2727 tribulium
357 2652 502 2724 nomina
550 2652 677 2723 eodem
723 2651 829 2722 modo
873 2650 1188 2749 ὁρθογραφοόμενα,
1227 2677 1259 2724 ν.
1289 2665 1325 2741 9.

143 2774 478 2854 ΚΑΛΛΙΧΣΕΝΟΣ,
514 2771 810 2853 ΧΣΕΝΥΕΕΟΣ,
848 2772 1199 2856 ΗΙΠΓΙΟΔΑΜΑΣ,
1236 2776 1326 2843 ΗΙΕ.

134 2892 385 2994 ’ξΟΝΥΜΟὶᾌ
436 2887 755 2969 ΧΣΕΝΟΦΙΕΟΣ,
814 2888 1125 2972 ΕΡΧΣΙΜΕΝΕΣ,
1178 2890 1326 2957 titus

164 3018 281 3101 uox„
300 3018 438 3096 oron,
457 3014 691 3107 surmont,
711 3013 1008 3095 κῑεΝοκιεῑ,
1024 3009 1092 3080 uc.
1105 3008 1115 3044 ¹
1130 3018 1153 3043 ‚‚
1172 3010 1325 3107 reperiri

189 3144 261 3216 ret.¹
290 3137 402 3209 Unde
429 3158 511 3206 cum
542 3136 620 3205 haeo
652 3133 801 3205 nomina
829 3136 864 3205 in
893 3139 1123 3231 praecedente
1154 3162 1330 3212 marmore

187 3280 266 3353 tent,
302 3291 427 3339 omnes
463 3289 539 3339 una
563 3289 652 3337 voce
685 3266 811 3360 Sponii
852 3267 971 3350 verbs,
1009 3267 1083 3339 alia
1116 3270 1187 3341 duo
1209 3270 1326 3366 snag-

182 3390 265 3506 μία,
302 3398 348 3468 ad
381 3394 468 3465 illud
505 3417 659 3465 marmor
689 3417 771 3465 cum
800 3393 872 3464 olio
903 3396 1063 3490 quodam
1088 3398 1167 3495 jam
1194 3398 1327 3471 amisso
1407 3448 1411 3455 -

178 3530 314 3623 spicere
348 3533 521 3595 statuunt.
582 3522 722 3612 Quibus
760 3522 871 3593 mults
902 3522 1102 3617 impediunt
1137 3526 1328 3619 quominus

176 3656 281 3736 hoino
323 3649 512 3722 assentiar.
583 3649 741 3744 Sponius
784 3647 881 3719 enim
923 3648 960 3719 in
1005 3647 1218 3746 fragmentis
1260 3650 1330 3723 illis

173 3780 371 3854 eudionidis
406 3796 444 3851 et
475 3778 659 3850 Leontidis
687 3777 802 3848 tribus
832 3779 980 3851 tribules
1010 3780 1201 3865 memorari
1230 3780 1329 3865 dicit,

135 3915 176 3982 ut
210 3938 257 3985 ne
294 3908 445 3985 verbum
486 3908 630 4005 quidem
671 3910 716 3980 de
759 3909 855 3980 tribu
892 3909 1139 3982 Erechtheide
1180 3912 1330 4005 profert.

127 4040 301 4115 ¹Nomina
320 4064 466 4138 quoque
488 4041 591 4111 nudo
612 4040 649 4111 in
669 4039 736 4111 iilis
759 4038 995 4111 marmoribus
1017 4040 1177 4132 inesses
1195 4039 1332 4134 Spouio

147 4172 318 4258 discimus,
355 4194 430 4265 quo
463 4170 651 4252 vocabulo,
691 4169 721 4239 si
754 4169 842 4263 quid
874 4193 948 4265 ego
978 4169 1132 4254 rideam,
1172 4168 1247 4241 vult
1279 4172 1355 4251 vir„

147 4298 267 4371 doctus
291 4297 497 4373 nominibus
525 4297 615 4369 nihii
634 4298 765 4392 proeire
788 4282 996 4392 quoquere
1019 4298 1185 4370 marmori
1203 4297 1330 4369 tradita

250 4512 259 4542 ¹
281 4516 366 4589 Spou.
383 4515 503 4573 Miscell.
517 4536 545 4590 p.
559 4522 628 4580 317.
671 4516 806 4573 Liberoso
821 4514 923 4588 Sponio
935 4526 1064 4575 occurste
1077 4518 1223 4597 excripsi.
1272 4578 1276 4583 ,
