3250 5350
791 453 862 532 170
1201 440 1350 526 [Cosas.
1375 435 1441 501 111.

252 625 430 724 prodiret!
459 624 566 715 Quod
593 624 738 719 Olymp.
763 644 957 695 nxxxvnr.
984 616 1199 691 aedificatum
1223 614 1448 711 antiquitate

254 772 372 833 tamen
403 760 507 831 cedet
536 757 622 830 fano
657 756 791 854 exiguo
829 754 1058 826 Athenarum
1086 751 1137 823 ad
1162 750 1321 837 assum,
1349 746 1449 841 quod

254 890 301 962 ob
332 887 591 983 simplicitatem
619 898 655 958 et
669 884 926 981 imperfectam
957 882 1060 978 quasi
1094 880 1245 952 formam
1283 888 1451 970 tempore

257 1018 422 1092 Pericleo
448 1016 545 1111 prius
563 1015 701 1086 censeri
728 1011 898 1112 debet¹.'’

264 1145 271 1157 '
333 1150 356 1183 “
369 1142 500 1215 Ordiar
533 1167 556 1213 a
587 1138 778 1224 columnis,
817 1137 1070 1210 architectum
1109 1134 1206 1228 apud
1238 1141 1379 1203 veteres
1413 1139 1453 1201 et

258 1266 436 1363 principio
468 1277 506 1338 et
536 1265 783 1337 fundamento.
829 1261 963 1333 Earum
1000 1282 1082 1353 quae
1114 1258 1149 1328 in
1180 1254 1338 1351 prostylo
1366 1260 1456 1325 sunt

261 1424 304 1472 ea
327 1409 382 1472 est
405 1399 599 1495 proportio,
625 1407 666 1468 ut
690 1395 841 1468 altitudo
867 1392 975 1488 spirae
996 1402 1107 1485 atque
1123 1389 1221 1484 scapi
1244 1398 1283 1461 et
1303 1386 1456 1481 capituli

262 1538 454 1610 diametros
482 1536 581 1631 scapi
604 1533 785 1607 inferioris
808 1554 933 1602 neven
955 1528 1158 1624 exaequet².
1209 1526 1347 1597 Contra
1369 1546 1458 1619 quse

264 1676 473 1747 Pandroseo
505 1670 679 1769 appositae
712 1680 809 1753 sunt,
835 1675 974 1738 tantum
1003 1665 1195 1736 diametros
1230 1660 1340 1733 Vlll.
1369 1684 1459 1731 cum

263 1799 398 1873 mance
433 1800 535 1891 (ΒΗΓ)
570 1797 653 1869 altre
688 1806 772 1868 sunt
782 1794 806 1866 ³.
888 1793 997 1866 Vides
1030 1791 1232 1863 dimidiatas
1269 1789 1459 1879 columpas

263 1924 392 2018 parieti
416 1924 516 1995 tenui
544 1922 725 2017 appositas
754 1921 948 1993 crassiores
975 1920 1089 1991 laetas
1115 1941 1204 2005 esse,
1232 1942 1341 2013 quam
1371 1940 1460 2014 quae

266 2059 408 2133 solidae·
427 2058 592 2155 epistylio
634 2058 939 2154 supponebantur.
1006 2054 1215 2128 -Delubrum
1256 2064 1375 2125 antem
1410 2055 1461 2125 ad

234 2186 409 2259 ‚lllssum
439 2187 623 2259 columnas
653 2187 764 2258 habet
788 2184 905 2257 minus
930 2185 1108 2281 graciles:
1137 2184 1220 2256 altae
1249 2185 1341 2254 enim
1367 2194 1462 2255 sunt

267 2314 460 2427 diametros
488 2317 600 2390 Vlll.'
618 2340 702 2389 cum
725 2315 929 2413 quadrante
956 2315 1101 2410 (8÷)⁴.”

343 2453 368 2483 “
385 2442 629 2519 Contractura
657 2446 759 2539 scapi
783 2443 1000 2541 plerumque
1026 2448 1074 2517 ad
1092 2446 1321 2518 Vitruvianas
1344 2466 1461 2540 regu-

267 2575 319 2648 las
351 2577 513 2674 quadrat.
559 2575 657 2647 Nam
689 2576 726 2645 in
757 2574 950 2669 Didymaeo
975 2596 1058 2668 pars
1086 2571 1261 2647 diametro
1284 2570 1462 2668 superiori

267 2713 408 2790 octava,
443 2704 479 2775 in
515 2705 593 2774 aede
624 2703 791 2776 Prienaea
826 2718 937 2790 sexte,
971 2705 1008 2776 in
1040 2705 1246 2778 Erechtheo
1281 2712 1395 2788 sexta,
1423 2704 1459 2773 in

269 2837 402 2909 sacello
439 2839 486 2908 ad
519 2837 658 2910 Iliorum
694 2839 846 2935 septima
874 2840 951 2913 fere
980 2843 1142 2914 detracta
1166 2841 1271 2944 ειῑῆι
1285 2863 1353 2934 pro
1384 2839 1463 2910 lon·
1592 2840 1593 2843 ’

268 2951 434 3062 gitudlne
467 2966 714 3038 columnarum
748 2977 784 3039 et
820 2967 936 3062 spatio
966 2968 1335 3042 intercolumniorum.
1387 2965 1464 3040 Sed

269 3093 305 3164 ih
337 3092 416 3164 aede
450 3093 546 3166 Teia
579 3092 688 3166 miror
719 3095 778 3166 vix
806 3093 1017 3191 vigesimam
1058 3101 1197 3187 purtem
1234 3091 1465 3164 crassitudini

262 3223 448 3317 ¹superiori
475 3226 670 3297 detractam
697 3225 837 3298 esse⁶.’'

346 3350 493 3444 “Spirae
520 3363 593 3423 tum
614 3352 790 3424 columnis
811 3363 885 3426 tum
912 3353 1007 3425 antis
1024 3363 1134 3448 atque
1157 3352 1288 3447 parieti
1306 3351 1464 3422 circum·
1592 3384 1593 3389 κ

271 3507 417 3580 quaque
447 3485 597 3582 adjectae
628 3497 713 3557 sunt
747 3485 969 3582 atticurges.
1021 3482 1171 3557 Habent
1198 3483 1312 3580 igitur
1344 3492 1462 3553 torum
1592 3502 1593 3579 j

271 3613 450 3706 duplicem
467 3613 765 3711 interjectamque
783 3637 866 3685 cum
884 3613 1031 3708 quadris
1049 3612 1122 3682 suis
1140 3610 1298 3682 scotiam.
1340 3607 1468 3683 Tema

272 3739 504 3833 superiorve!
519 3741 662 3810 striatu's
673 3738 729 3812 vel
741 3740 785 3811 ad
800 3739 912 3810 instar
922 3736 1095 3812 viminum
1109 3736 1285 3809 flexorum
1300 3747 1468 3825 ornatus,
1592 3788 1593 3799 ι

272 3866 424 3939 inferior
459 3865 672 3961 plerumque
706 3887 830 3961 purus.
902 3860 1116 3958 supercilia,
1155 3861 1179 3934 i.
1213 3884 1246 3933 e.
1283 3865 1471 3961 margines
1592 3856 1593 3859 ¹

273 3998 406 4096 scotia
420 3995 654 4086 reductiones,
682 3995 745 4089 qui
772 3994 901 4067 umbra
928 3995 1052 4066 addita
1073 3991 1142 4063 tori
1172 3994 1471 4067 rotundationem

316 4223 325 4252 ²
346 4223 656 4300 astipulantem.
673 4223 697 4281 l.
711 4241 736 4282 e.
753 4229 782 4281 2.
932 4224 942 4256 ⁴
966 4222 1069 4280 14“.8“.
1079 4222 1261 4288 29.-1“.9“.
1271 4225 1299 4275 4.

317 4314 330 4341 ²
351 4304 840 4379 Attssaotro”.61.crass.2‘.s⁸·.s.
933 4321 945 4352 ⁰
966 4317 1063 4373 Diam.
1085 4319 1120 4373 ad
1143 4319 1250 4394 spiram
1269 4313 1472 4378 columnarum

274 4408 337 4485 ped.
354 4409 441 4481 angl.
590 4487 596 4498 ,
893 4409 1479 4486 inprontyloa‘etsauperiorr.1152,

257 4513 261 4522 ·
315 4501 697 4588 ³1a*.o*.os.-2*.o*.5s.
936 4499 1171 4564 ‘atsto-s.
1184 4505 1263 4563 rus.
