3250 5350
292 473 337 547 lvi
572 520 577 526 -
725 494 1065 545 snoasoossaus.

365 647 572 719 Nonnullae
615 648 869 743 inscriptiones
910 647 1007 717 baud
1040 656 1148 718 antea
1180 643 1297 718 edus
1331 647 1369 718 in
1420 648 1491 719 bac

290 777 427 874 sylloge
445 775 579 848 Lector
593 779 769 872 reperiet;
795 777 919 872 plures
932 799 1022 871 quas
1034 799 1143 847 nemo
1155 784 1287 868 praetcr
1300 775 1490 848 Osannum

291 903 536 978 Professorem
555 908 734 999 quendam
752 905 953 979 Jenensem
972 907 1026 998 (in
1045 906 1195 1003 Sylloge
1212 905 1489 1000 inscriptionum

289 1034 393 1129 cujus
436 1033 543 1104 bodie
578 1019 733 1129 quatuor
767 1034 930 1106 fasciculi
962 1033 1100 1129 publici
1130 1032 1225 1131 juris
1264 1034 1351 1104 facti
1384 1033 1487 1121 sunt)

288 1174 325 1234 et
368 1162 427 1234 ille
462 1163 607 1258 quidem
654 1166 792 1236 mendis
828 1188 1008 1259 respersas
1042 1165 1165 1236 edidit.
1237 1162 1296 1235 De
1334 1163 1487 1236 Osanno

286 1305 406 1366 autem
426 1292 503 1386 ipso
520 1293 636 1366 habco
654 1297 752 1390 quod
778 1296 872 1366 baud
899 1293 1076 1365 immerito
1094 1319 1240 1391 querar.
1293 1295 1486 1389 Augustus

289 1421 425 1506 Biickb,
461 1422 514 1493 vir
547 1423 719 1495 doctrinae
752 1435 864 1518 atque
904 1423 1046 1496 virtutis
1078 1425 1174 1496 fama
1210 1422 1482 1504 celeberrimus,

286 1573 331 1622 ex
359 1548 475 1621 amico
505 1573 585 1621 meo
611 1549 912 1622 desideratissimo
936 1551 981 1622 E.
1008 1549 1056 1622 D.
1079 1550 1210 1622 Clarke
1239 1551 1417 1644 petiverat
1442 1561 1485 1621 ut

284 1673 439 1768 aliquem
455 1687 635 1771 quaereret
650 1676 713 1772 qui
733 1701 948 1750 marmorum
967 1679 1245 1776 Elgioianorum
1262 1682 1481 1776 apographa

284 1810 321 1880 in
349 1831 454 1879 usum
480 1808 684 1878 Academiae
714 1808 981 1881 Beroliuensis¹
1005 1809 1214 1883 conficeret.
1267 1810 1377 1899 Quod
1393 1835 1478 1883 cum

284 1937 450 2009 Clarlvius
486 1937 643 2034 negotiis
673 1938 810 2010 scilicet
841 1949 1042 2034 occupatus
1076 1935 1219 2010 efficere
1246 1938 1429 2036 nequiret,
1454 1967 1479 2013 a

283 2093 341 2142 me
365 2068 496 2164 petivit
517 2079 558 2138 ut
579 2068 615 2139 id
641 2069 827 2165 negotium
851 2070 1082 2164 susciperem.
1134 2067 1218 2164 Ego
1235 2069 1382 2164 quidem
1400 2095 1479 2142 om·

283 2205 397 2289 nium,
432 2205 553 2290 credo,
592 2203 867 2299 inscriptionum
908 2201 1126 2274 ineditarum
1149 2201 1251 2296 (ante
1285 2202 1476 2277 Euclidem

219 2406 224 2414 ,
281 2333 491 2405 archontum
515 2331 684 2405 marmori
711 2329 996 2423 commissarum)
1020 2342 1059 2403 et
1074 2353 1269 2426 paucarum
1295 2342 1480 2425 praeterea

278 2465 492 2561 apographa
532 2465 568 2536 in
609 2464 762 2563 hujusce
797 2462 908 2535 libelli
950 2485 1055 2533 usum
1094 2461 1337 2536 confeceram.
1397 2464 1479 2538 Has

279 2617 361 2666 cum
389 2593 553 2667 Bliolrbio
579 2595 747 2666 lubenter
772 2592 850 2688 ipse
875 2589 1138 2664 communicavi
1166 2601 1307 2663 etcum
1332 2590 1477 2687 juvene

281 2722 435 2816 quodam
458 2724 599 2794 erudito
617 2722 667 2795 Τ.
687 2722 724 2792 S.
745 2722 864 2793 Evans
891 2733 1018 2816 pactus
1041 2746 1120 2797 sum
1147 2732 1202 2809 ut,
1220 2745 1311 2817 quas
1328 2745 1402 2817 ego
1418 2720 1476 2794 iu·

278 2856 390 2918 tactas
408 2848 640 2943 reliquissem,
659 2870 720 2918 eas
739 2848 968 2919 describeret.
1007 2846 1090 2919 Jam
1108 2850 1292 2933 Osannus,
1320 2858 1359 2918 ut
1374 2848 1476 2919 vide-

277 2988 348 3063 tur,
374 2976 513 3076 aliquot
528 2984 637 3049 antea
658 2976 774 3061 annis,
798 3000 880 3049 cum
903 2976 972 3051 iter
991 3001 1058 3071 per
1077 2949 1303 3048 Britanniam
1320 2975 1476 3064 faceret,

276 3108 441 3183 Biiclvbio
458 3108 674 3205 promiserat
693 3118 734 3180 ut
759 3108 852 3181 idem
872 3105 1059 3205 negotium
1076 3106 1288 3202 susciperet.
1338 3105 1475 3178 Redux

274 3250 393 3313 autem
427 3246 575 3310 nectere
611 3258 728 3308 moras
757 3236 880 3331 coepit,
916 3256 984 3332 nec
1018 3233 1154 3329 aliquid
1182 3255 1265 3304 cum
1301 3230 1473 3304 Bdclrbio

274 3364 559 3439 communicavit.
611 3366 704 3439 Cum
746 3391 835 3465 ergo
878 3388 959 3437 mea
995 3376 1033 3437 et
1074 3362 1224 3438 Evansii
1259 3364 1473 3460 apographa

272 3497 475 3591 accepisset
503 3496 700 3585 Biiclrbius,
728 3498 879 3569 Osanno
907 3495 1052 3591 scripsit
1071 3520 1111 3567 se
1135 3495 1183 3566 ab
1210 3492 1290 3564 aliis
1318 3503 1474 3587 accepta

266 3628 407 3699 'babere
451 3652 533 3723 quae
579 3630 625 3700 ab
672 3628 731 3702 illo
775 3628 971 3722 petivisset,
1007 3648 1195 3722 superesse
1228 3634 1360 3707 autem,
1396 3624 1472 3697 nisi

270 3786 417 3835 omnem
441 3763 594 3861 gratiam
621 3765 773 3858 perdere
791 3762 907 3848 vellet,
927 3771 968 3833 ut
993 3752 1208 3859 apographa
1234 3784 1258 3831 a
1284 3758 1471 3831 memissa

263 3979 419 4053 jucundum
434 3986 508 4033 esset
520 3962 637 4033 Groecas
649 3977 840 4051 inscriptiones
890 3990 977 4029 onum
993 3972 1082 4039 brevi,
1103 3982 1136 4028 ut
1159 3988 1250 4044 spero,
1276 3966 1403 4025 editurus
1420 3976 1469 4026 est

259 4074 417 4146 separatim
443 4070 554 4138 intueti,
581 4072 623 4128 ita
647 4072 757 4147 quidem
785 4072 840 4128 dis·
891 4068 1047 4137 Biickbioe,
1066 4068 1270 4139 iubocfflncrc
1280 4063 1365 4119 bodie
1378 4063 1465 4135 louge

269 4166 383 4240 posioan
418 4176 450 4223 ut
486 4166 670 4239 procederent
705 4165 838 4239 antiquis-
888 4163 1003 4237 primm.
1039 4161 1195 4220 Felixvere
1209 4158 1377 4229 Academia,
1401 4176 1467 4231 quae

268 4260 376 4317 sinna?
726 4262 733 4269 '
885 4258 994 4316 sedicet
1007 4257 1182 4326 Bdckbinm,
1196 4255 1366 4323 bekkernm,
1384 4251 1469 4309 aaa·

886 4370 1023 4410 mannum
1036 4370 1089 4409 sno
1099 4352 1128 4409 io
1141 4351 1204 4409 sinu
1219 4351 1324 4420 foveat,
1344 4360 1376 4407 ut
1387 4348 1461 4407 alios

258 4491 261 4501 .
294 4453 315 4496 .¹
337 4448 463 4524 llcjoscs
503 4446 667 4505 Academiae
705 4447 835 4523 ampiciis
884 4458 1076 4523 caecamquos
1093 4446 1306 4507 tammvistas
1324 4444 1465 4503 estsilen-

262 4554 346 4620 *atque
370 4542 526 4618 suniptibos
552 4542 663 4615 Corpus
692 4542 835 4615 luseripti-
884 4544 923 4602 tio
942 4544 1093 4617 preterire.
1175 4590 1181 4595 .
