3250 5350
224 387 257 459 vi
654 407 994 456 rnonnoounur.

218 567 316 660 quod
333 564 446 648 siunt,
470 563 721 659 Antiquariam
739 573 891 660 spectas.
934 564 1090 636 Multum
1108 563 1154 632 ad
1172 561 1414 632 institutorum

218 695 393 780 notitiam,
420 695 569 772 multum
595 696 642 766 ad
669 696 765 792 juris
794 692 1010 764 Graecorum
1037 693 1203 787 peritiam
1234 701 1389 786 prosunt
1403 719 1414 776 ;

219 825 360 896 Graecae
386 824 521 922 linguae
544 826 640 897 hand
664 825 774 908 item;
812 824 871 896 cui
897 822 951 894 rei
974 822 1040 894 soli
1067 823 1185 894 mein
1209 822 1278 893 hoc
1291 821 1418 897 libello

221 953 395 1026 inservire
421 955 593 1026 Lectores
621 953 835 1050 intelligant.

297 1082 396 1154 Ante
412 1093 532 1154 autem
551 1106 658 1177 quam
680 1083 726 1154 ad
749 1081 865 1176 ipsum
888 1105 978 1175 opus
1001 1104 1059 1153 me
1079 1081 1282 1178 accingam,
1302 1103 1420 1174 pauca

224 1215 344 1286 forsan
365 1213 409 1284 de
426 1213 538 1285 veteri
556 1212 737 1285 scribendi
756 1235 868 1295 more,
891 1212 954 1281 sed
972 1209 1142 1300 breviter,
1168 1209 1310 1303 praefari
1336 1232 1420 1303 pro-

224 1342 327 1416 derit.
380 1343 599 1414 Contraham
623 1343 759 1414 scilicet
788 1341 1109 1413 eximias-aliorum
1134 1340 1417 1425 ohservationes,

207 1483 434 1568 'paucasque
465 1494 485 1543 e
514 1495 611 1566 penu
641 1494 733 1557 meo,
767 1472 831 1542 sed
861 1470 1008 1543 minoris
1030 1472 1106 1543 illas
1134 1471 1319 1559 momenti,
1356 1472 1419 1541 de·

224 1625 397 1699 promam.
449 1602 551 1696 Opus
579 1610 654 1672 tum
684 1610 816 1672 caetera
850 1600 994 1672 difficile
1025 1609 1091 1684 est,
1124 1611 1199 1672 tum
1234 1600 1417 1694 praecipue

225 1735 411 1806 molestum
454 1732 551 1826 quod
585 1731 755 1817 virorum,
795 1753 948 1825 quorum
988 1729 1162 1802 doctrinm
1197 1729 1418 1800 millesimam

224 1871 363 1966 partem
397 1881 466 1930 neo
495 1859 600 1956 attigi
631 1883 701 1932 nec
731 1861 922 1957 attingam,
961 1860 1194 1933 titubationes
1225 1861 1420 1956 lapsusque

226 2012 309 2060 cum
336 1987 371 2058 in
398 1988 465 2058 hac
488 2011 527 2058 re
545 1990 730 2060 tractanda
750 1999 826 2060 tum
846 2013 911 2084 per
931 2000 1045 2061 totum
1063 2013 1154 2085 opus
1172 1989 1319 2061 notandi
1337 2000 1422 2060 sunt

117 2201 119 2212 ⁴
225 2125 335 2213 atque
371 2115 583 2213 castigandi.
642 2117 741 2206 Quos
776 2119 806 2190 si
838 2120 1114 2213 reprehendam,
1146 2120 1276 2190 iterum
1307 2128 1420 2213 atque

227 2247 356 2318 iterum
382 2244 571 2317 Lectorem
595 2271 694 2343 rogo,
724 2257 765 2320 ut
789 2271 847 2320 me
875 2246 1020 2320 nonnisi
1044 2251 1096 2322 rei
1121 2250 1335 2322 necessitate
1355 2250 1421 2320 ad-

228 2375 374 2447 ductum
392 2372 573 2473 ingratum
593 2377 770 2473 hocopus
793 2379 976 2472 suscipere
998 2379 1187 2451 existimet.
1231 2379 1327 2452 Satis
1344 2382 1421 2452 scio

228 2501 324 2576 viros
341 2503 419 2574 illos
436 2503 660 2578 doctissimos
680 2532 750 2580 non
770 2533 911 2582 errasse
928 2509 998 2580 nisi
1021 2511 1117 2603 quod
1133 2513 1290 2605 ipsorum
1313 2523 1421 2584 aetate

228 2640 374 2729 propter
399 2633 617 2727 paucitatem
642 2647 956 2709 monumentorum
982 2640 1099 2714 aditus
1124 2644 1170 2714 ad
1196 2654 1296 2718 recte
1315 2646 1420 2743 judi·

229 2762 384 2832 candum
402 2761 497 2830 haud
515 2771 588 2832 tam
603 2761 674 2833 late
691 2786 799 2857 quam
819 2766 926 2837 hodie
942 2777 1093 2861 pateret.
1143 2773 1265 2866 Atque
1282 2773 1419 2845 utinam

229 2912 272 2962 ea
290 2911 365 2960 sors
383 2886 450 2957 illis
467 2890 677 2987 contigisset
700 2904 740 2963 ut
767 2894 860 2965 hanc
878 2896 1087 2970 hodiernam
1106 2912 1421 2973 monumentorum

230 3018 368 3114 copiam
385 3016 560 3105 viderent,
580 3023 719 3114 quodsi
737 3024 787 3096 ita
803 3050 883 3098 sese
900 3028 1095 3117 habuisset,
1113 3028 1242 3126 aliquis
1258 3031 1422 3126 profecto

228 3174 276 3224 ex
298 3172 422 3221 eorum
445 3173 596 3223 numero
621 3176 717 3226 meas
742 3156 915 3246 Athenas,
935 3160 1047 3255 multo
1065 3160 1198 3233 lautius
1216 3186 1325 3257 quam
1343 3164 1421 3259 ipse

232 3268 332 3376 (quae
354 3289 408 3349 est
430 3302 510 3351 mea
536 3260 712 3375 doctrina)
739 3308 898 3378 possum,
924 3291 1148 3378 ornavisset3
1187 3293 1251 3363 sed
1275 3318 1321 3366 ea
1336 3304 1421 3367 ante

111 3492 118 3511 Ι
229 3420 385 3483 nostram
414 3420 555 3483 aetatem
584 3414 649 3484 aevi
679 3416 885 3488 vetustioris
911 3431 1225 3493 monumentorum
1255 3424 1420 3518 paucitas

231 3550 317 3627 erat,
340 3550 388 3621 ut,
411 3540 441 3611 si
463 3550 607 3614 centnm
631 3566 712 3616 cum
735 3546 864 3644 viginti
887 3574 1002 3622 annos
1024 3552 1205 3647 respicias,
1225 3555 1417 3629 Montfau·

230 3667 374 3739 conium
396 3668 520 3741 audire
542 3671 656 3767 possis
684 3698 723 3746 se
743 3697 931 3772 nunquam
956 3678 994 3750 in
1025 3703 1204 3754 marmore
1225 3683 1421 3781 Digamma

228 3797 360 3873 vidisse
402 3809 604 3887 testantem,
642 3804 671 3874 si
702 3807 945 3903 septuaginta,
982 3808 1191 3884 Dawesium
1220 3822 1248 3886 E
1278 3838 1344 3910 pro
1375 3822 1421 3887 EI

229 3953 390 4025 unquam
419 3931 589 4027 scriptum
621 3957 700 4007 esse
729 3946 936 4034 negantem.
988 3940 1061 4013 Sed
1089 3944 1235 4015 adrem
1261 3956 1420 4018 nostram

230 4080 427 4131 veniamus.

306 4185 412 4274 Quod
447 4188 625 4263 scribendi
659 4216 796 4289 genera
832 4197 971 4282 attinet,
1014 4198 1117 4273 initio
1157 4204 1212 4275 ἐπὶ
1254 4153 1311 4280 τιιὶι
1340 4208 1420 4280 λαιά
