3250 5350
122 509 250 575 lusca.
276 507 356 584 lll.]
684 514 759 587 329

112 681 271 754 dicatam
296 682 431 753 statuit.
488 681 653 776 Scriptor
676 703 879 777 anonymus
904 678 1109 752 Cominium
1138 678 1175 749 in
1205 679 1319 773 prima

115 811 215 883 linea
239 813 417 908 sequitur,
444 811 638 883 secundam
666 808 718 880 sic
744 808 860 905 legit;

218 982 277 1047 Σοὶ
300 978 374 1073 ‘peip
398 977 618 1072 ἐπευχόμενος
642 974 727 1045 τότε
752 977 824 1045 τεῒν
847 975 1008 1047 ἐτέλεσσε
1029 982 1188 1071 opertior.

221 1111 422 1175 “Nam'tibi
447 1110 617 1184 constituit,
645 1114 825 1195 persolvens
851 1125 923 1175 vota
946 1112 1139 1197 tropeum.”

193 1246 397 1340 Utramque
437 1272 485 1318 sc.
518 1248 650 1319 lineam
686 1250 849 1346 ejusdem
902 1274 980 1321 esse
1023 1250 1130 1320 metri
1182 1248 1317 1321 debere

111 1408 234 1494 putat.

194 1526 294 1615 Quas
337 1538 409 1597 tam
444 1550 553 1599 vanas
587 1530 815 1626 conjecturas
862 1530 999 1601 referre
1038 1530 1203 1624 puderet,
1242 1527 1312 1599 nisi

117 1659 205 1729 hinc
244 1658 332 1730 disci
376 1668 500 1752 posset
541 1661 714 1754 quantula
750 1661 916 1732 doctrina
949 1662 1114 1732 instructi
1150 1658 1316 1732 homines

116 1791 168 1860 ad
217 1789 296 1861 lraec
348 1791 467 1861 studia
516 1791 748 1879 accesserint,
788 1802 827 1863 et
873 1802 1045 1888 quantum
1096 1816 1193 1886 saepe
1248 1787 1316 1861 viri

118 1920 224 2018 digni
265 1920 328 2017 qui
373 1922 471 1994 docti
517 1922 684 1994 dicantur
729 1922 766 1993 in
811 1922 1053 1996 monumentis
1096 1920 1316 2016 explicandis

118 2054 213 2147 lapsi
246 2053 319 2124 sint
360 2062 484 2156 atque.
509 2050 710 2124 titubtrint.
769 2055 877 2141 Quod
922 2054 1033 2149 ipsam
1074 2052 1316 2149 Epigraphen

119 2183 263 2266 attinet,
306 2182 546 2276 proculdubio
598 2183 721 2277 spuria
767 2193 832 2269 est,
873 2193 909 2254 et
959 2182 1095 2253 recenti
1144 2204 1222 2251 aevo
1270 2180 1316 2251 ab

120 2315 270 2386 inficeto
321 2314 477 2408 quodam
535 2310 713 2397 conlecta,
763 2313 823 2384 cui
873 2311 1012 2383 scilicet
1066 2334 1138 2382 non
1192 2319 1317 2380 notum

120 2455 204 2517 erat
244 2442 381 2514 nullum
429 2451 551 2511 extare
604 2463 759 2510 marmor
799 2440 860 2509 ubi
914 2432 982 2503 ΠΗ
1018 2461 1084 2532 pro
1125 2442 1154 2509 Φ
1191 2449 1227 2508 et
1260 2438 1317 2505 ΚΣ

119 2598 191 2670 pro
229 2582 259 2647 Ξ
299 2570 521 2669 scribuntur.
572 2570 631 2641 De
673 2570 742 2639 lrac
786 2592 825 2639 re
866 2570 902 2639 in
938 2568 1156 2640 Praesatione
1202 2566 1315 2639 fusius

118 2702 210 2776 dixi.

199 2813 292 2909 llaec
315 2859 430 2932 nuper
451 2835 618 2906 disseruit
641 2835 879 2908 Welckerus¹
905 2838 951 2908 de
978 2836 1046 2906 hac
1068 2833 1314 2928 inscriptione.

121 2966 335 3039 “Dativum
367 2967 547 3063 Ἐκφάντῳ
579 2967 758 3073 scriptura
788 2967 933 3062 quidem
968 2965 1040 3064 legi
1076 2964 1171 3047 sinit,
1198 2989 1317 3062 gram·

123 3098 256 3170 matica
285 3097 376 3168 ratio
400 3095 545 3190 respuit.
600 3095 780 3192 Equidem
804 3120 886 3168 curn
913 3099 1095 3194 Ἐκφάντοι
1122 3098 1316 3191 legendum

119 3253 204 3302 esse
220 3230 389 3314 viderem,
416 3228 534 3297 statim
553 3228 598 3297 de
625 3226 756 3299 Dianae
779 3230 997 3326 cognomine
1025 3229 1191 3325 cogitavi,
1221 3226 1318 3322 qnod

120 3355 271 3429 aliunde
304 3355 450 3450 quidem
485 3376 557 3423 non
597 3351 826 3440 innotuisset,
866 3356 927 3425 sed
967 3356 1065 3448 quod
1101 3354 1201 3426 fratri
1235 3355 1317 3426 olim

120 3511 207 3561 cum
233 3512 276 3559 ea
301 3507 493 3559 commune
510 3484 620 3556 fuisse
643 3509 775 3558 nomen
794 3487 972 3582 Ecphanti
999 3489 1140 3560 videtur
1157 3487 1317 3559 indicare
1381 3557 1382 3562 ,

118 3722 247 3780 eundum
265 3739 349 3780 Lxx.
365 3738 401 3776 ex
414 3718 539 3792 Tetrapl.
570 3717 699 3789 Origenis
748 3720 810 3776 lla?
820 3721 889 3776 Διδτ
902 3719 1057 3796 Ἐκφνίντοι
1075 3719 1150 3798 δέξαι
1164 3717 1224 3776 τόδ’
1236 3717 1316 3787 α’μὲν-

119 3815 314 3873 ediditeCod.
325 3813 464 3887 Chlglano
475 3811 575 3888 (Rom.
594 3815 697 3888 1772.)
838 3823 888 3889 φετ
903 3811 958 3887 (sic
973 3831 1022 3886 pro
1034 3812 1173 3890 tipr'ppec)
1189 3811 1315 3883 ἄγαλμα,

119 3911 221 3992 etqui
243 3892 698 3978 dehacvetustissimaiuscrip-
748 3910 800 3967 Σοὶ
826 3913 882 3990 γάρ
910 3910 1109 3988 ἐπευχόμενος,
1144 3907 1227 3964 τοῦτ’
1253 3904 1314 3966 ἑτέ·

123 4010 201 4068 tione
219 4026 305 4081 agens
319 4027 347 4080 p.
360 4011 431 4074 388,
443 4010 512 4070 389.
526 4001 695 4058 doctissima
1081 4015 1168 4060 λεσσε
1183 4001 1314 4082 Τρόφων.

119 4126 183 4165 suae
196 4103 405 4163 Dissertationis
419 4101 547 4159 secundae
561 4101 627 4156 hnic
639 4100 696 4155 edi·
747 4103 803 4159 Ubi
816 4099 968 4178 Ἐκφτίντον
990 4101 1009 4157 i.
1020 4119 1044 4157 e.
1066 4097 1182 4170 ἄγαλμα
1197 4096 1316 4174 Ἐκφάν-

119 4200 194 4258 tioni
205 4200 359 4273 subjunctae
373 4197 502 4277 τροπῆον
519 4193 594 4268 legit,
614 4193 696 4249 illud·
746 4219 793 4250 τοι
807 4203 849 4248 est
869 4211 969 4249 nomen
990 4191 1131 4265 proprium
1152 4189 1253 4245 Dorice
1268 4207 1316 4261 po.

121 4314 178 4372 que
205 4311 255 4366 pro
290 4298 431 4369 τροπαῖον
465 4288 571 4344 dictum
606 4298 695 4362 putat.
746 4291 831 4345 situm
857 4307 906 4362 pro
932 4287 1094 4363 Ἐκφάντου
1127 4285 1178 4339 nisi
1209 4285 1315 4340 dictum

121 4390 305 4446 Totaantem
323 4385 373 4442 illa
393 4384 587 4458 antiquissima
608 4394 697 4441 etno-
747 4384 783 4439 sit
811 4401 860 4456 pro
885 4379 1034 4457 Ἐκφάντῳ
1057 4379 1075 4434 i.
1097 4397 1122 4434 e.
1152 4377 1228 4456 δέξαι
1254 4379 1315 4434 Ἐκ-

123 4492 186 4542 tatn
208 4483 372 4560 dignissima
392 4479 533 4553 inscriptio
550 4481 589 4536 sic
607 4479 698 4554 legen.
747 4479 857 4554 φάντῳ,
878 4475 911 4530 ob
933 4473 1077 4548 Ecplronto
1098 4470 1219 4548 occipc.''

125 4582 165 4638 ds
185 4590 227 4638 est
247 4578 442 4655 proculdubio;
790 4567 799 4598 ¹
822 4569 960 4628 Welcker.
975 4568 1071 4643 Spicil.
1087 4567 1147 4625 nlt.
1161 4586 1189 4643 p.
1201 4565 1232 4630 6.

882 4671 955 4736 Ττ
