3250 5350
805 445 877 517 106
1200 437 1346 534 [CLsss.
1375 451 1442 514 Ill.

246 650 312 720 pro
347 627 462 720 patria
494 637 699 722 pugnarent
733 622 1115 716 eaesossempiternoe
1156 622 1338 693 memoriae
1371 631 1443 691 tra·

248 753 361 822 deret.
415 752 522 840 Quod
550 755 595 824 ad
624 753 740 824 locum
764 755 906 835 attinet,
934 749 1052 820 nullus
1074 746 1216 819 dubitat
1243 748 1445 820 Corsinus1

250 882 337 976 quin
377 884 445 953 hoc
487 883 647 954 Marmor
686 885 719 954 in
761 885 941 957 exteriore
982 884 1174 956 Ceramico
1213 890 1362 979 (nempe
1402 884 1446 953 in·

250 1014 347 1085 urbis
395 1014 585 1108 pomoeriol
638 1017 789 1108 positum
832 1016 954 1087 fuerit.
1022 1014 1101 1085 lllic
1152 1016 1247 1086 enim
1294 1015 1450 1085 solenne·

74 1144 80 1154 '
149 1243 151 1248 Ι
250 1140 319 1210 fuit
356 1137 487 1211 milites
516 1165 642 1212 omnes
678 1143 739 1236 riui
779 1145 814 1213 in
853 1143 947 1214 bello
980 1143 1111 1214 sublati
1142 1141 1300 1229 fuerant,
1336 1143 1448 1213 certis

250 1270 377 1341 ritibus
400 1271 565 1366 sepelire,
593 1273 826 1368 ipsorumque
844 1287 880 1344 et
898 1273 1045 1344 Ducum
1064 1275 1213 1344 uomina
1232 1271 1447 1344 marmoreis

252 1403 492 1497 monumentis
520 1403 716 1474 inscribere
729 1401 753 1468 ².

221 1625 222 1628 Ἴ
327 1533 432 1620 Quod
455 1543 594 1604 aetatem
625 1533 807 1604 marmoris
835 1532 975 1615 attinet,
1003 1519 1114 1602 multa
1137 1531 1238 1602 multi
1267 1529 1449 1602 extrariis

249 1659 457 1733 auctoribus
489 1661 683 1754 protulere.
731 1661 849 1734 Instar
882 1660 1047 1730 onmium·
1080 1659 1183 1730 nobis
1213 1659 1260 1730 sit
1290 1658 1447 1753 Thucy-

248 1786 378 1870 dides³,
407 1787 469 1879 qui
500 1786 694 1881 aliquando
725 1810 797 1856 uno
832 1788 1033 1882 eodemque
1066 1809 1164 1856 anno
1197 1784 1451 1856 Athenienses·

249 1915 285 1984 in
318 1913 453 2010 Cypro,
481 1921 556 1983 tum
590 1913 627 1983 in
662 1911 836 2010 AEgypto,
862 1912 994 1985 deinde
1021 1915 1066 2007 ad
1097 1911 1258 1998 Halieas,
1288 1935 1370 1982 mox
1402 1912 1446 1982 in

249 2041 402 2140 AEgina,
430 2043 648 2137 tandemque
674 2043 711 2114 in
740 2041 951 2138 Megarensi
979 2018 1070 2140 agro
1099 2043 1290 2114 dimicasse
1321 2043 1445 2114 tradit.

249 2171 414 2249 Eundem
435 2195 543 2266 quem
560 2172 798 2268 Thucydides
823 2172 858 2242 in
879 2169 1012 2266 proeliis
1032 2171 1261 2244 recensendis
1279 2171 1447 2242 ordinem

248 2329 390 2377 servare
429 2316 590 2374 nostrum
625 2327 779 2375 marmor
817 2303 1015 2374 notandum
1051 2310 1140 2373 est⁴.
1192 2301 1250 2373 Ex
1281 2303 1335 2374 lris
1372 2304 1452 2374 duo

248 2429 455 2524 contigisse,
492 2427 651 2498 Philocle
680 2426 877 2507 Archonte,
903 2451 1001 2498 anno
1030 2429 1190 2499 secundo
1218 2428 1452 2526 Olympiadis

248 2556 421 2640 LXXX,
451 2555 673 2651 Megarense
701 2565 824 2626 autem
855 2553 990 2625 bellum
1017 2578 1115 2626 anno
1144 2553 1252 2626 tertio
1280 2555 1456 2651 ejusdem·

247 2687 390 2781 Olymp.
424 2694 629 2757 auctorest
659 2683 845 2757 Diodorus
856 2684 879 2755 ⁵.
931 2683 1036 2757 Nihil
1064 2708 1155 2782 ergo
1184 2685 1222 2757 iu
1253 2700 1455 2761 causaest

247 2815 441 2909 quominus
485 2836 566 2884 cum
611 2812 831 2901 Bimerdio⁶,
861 2814 930 2884 lroc
971 2806 1126 2886 maimor
1168 2818 1296 2889 mem
1333 2840 1452 2904 anuo,

247 2947 271 3017 i.
305 2969 338 3016 e,
372 2967 468 3014 anno
499 2946 613 3015 tertio
642 2943 783 3039 Olymp.
817 2942 989 3029 LXXX,
1026 2944 1223 3019 excitatum
1258 2968 1338 3019 esse
1374 2956 1454 3020 sta-

249 3080 430 3150 tunmus⁷.
928 3167 933 3175 .
1097 3158 1101 3164 ,

327 3210 367 3283 ln
390 3212 465 3305 ipsa
485 3207 722 3303 inscriptione
741 3208 832 3281 nihil
854 3220 910 3281 est
938 3210 1036 3304 quod
1057 3209 1116 3281 vel
1137 3210 1292 3281 indoctis
1308 3231 1455 3283 moram

248 3346 398 3444 injicere
417 3356 538 3439 posset
559 3342 629 3414 nisi
652 3320 723 3415 ros
744 3350 961 3428 ΜΕΛΑΒΟ,
988 3364 1071 3437 quse
1089 3343 1218 3413 mirum
1242 3344 1279 3414 in
1300 3347 1458 3419 modum

250 3498 377 3548 omnes
397 3475 612 3569 interpretes
629 3473 812 3545 cruciarit.
859 3478 1076 3546 ΜΕΛΑΡΟΙ
1094 3482 1193 3545 extat
1208 3474 1303 3567 apud
1322 3472 1462 3545 Mont-

250 3602 473 3687 lauconium,'
489 3600 693 3686 Malleium,
716 3601 937 3673 Cominium.
986 3608 1305 3677 ΜΕΛΑΒΟΙΣΤΕ
1321 3603 1460 3700 legen-

152 3740 154 3745 '
251 3736 334 3805 dnm
369 3732 558 3805 emilirmst
593 3731 809 3818 Bimordius,
837 3732 936 3826 quod
965 3730 1109 3824 quidem
1140 3730 1242 3803 dedit
1271 3732 1461 3809 Laenius.

291 3979 298 4007 ¹
326 3980 400 4037 l'ast.
417 3980 479 4031 nu.
495 3996 522 4048 p.
540 3980 607 4032 158.
912 3970 1050 4027 'Nescio
1079 3969 1145 4043 quid
1176 3970 1229 4025 sibi
1255 3968 1324 4025 velit
1352 3970 1465 4031 Mont-

290 4096 301 4125 ι
322 4090 368 4146 Cf·
385 4089 506 4143 pausus„
522 4086 549 4140 jn
566 4090 626 4144 Au·
641 4105 667 4141 c„
682 4092 731 4152 29·
872 4062 1027 4132 sauconius,
1046 4062 1092 4137 qui
1114 4080 1198 4131 nunc,
1218 4060 1353 4137 flagrante
1373 4064 1468 4123 bello

291 4204 302 4234 ³
327 4198 457 4275 Thucyd·
474 4197 506 4255 s.
524 4204 588 4258 ¹05·
875 4157 1119 4231 Peloponnesiaco,
1145 4175 1227 4260 nunc,
1254 4174 1328 4211 auno
1356 4158 1396 4259 Α..
1419 4160 1466 4221 C,

290 4316 368 4402 fes·
385 4316 493 4373 corn-
511 4316 591 4374 re·
609 4316 630 4373 1·
646 4332 674 4387 v·
692 4310 758 4369 1⁶2-
874 4258 1245 4405 tittfftt‘tt‘t
1260 4250 1518 4418 5:33¹&

290 4401 301 4495 l
325 4426 441 4482 DMW·
458 4425 512 4481 xl·
528 4443 553 4481 ⁰·
568 4430 617 4489 7⁸⁴
875 4447 960 4497 aetate
984 4439 1066 4513 hujus
1090 4438 1239 4497 marmoris
1266 4435 1314 4495 alii
1337 4454 1474 4517 quoque

239 4522 245 4532 ,
295 4516 305 4543 '³
324 4538 400 4596 Dies.
416 4538 438 4597 l.
457 4554 484 4609 p.
500 4540 548 4592 43.
570 4538 659 4610 (apud
674 4538 826 4611 Murator.)
875 4535 1038 4593 titubemus
