3250 5350
188 456 314 521 rasos.
341 447 402 527 u]
771 454 844 531 περ

187 623 283 721 ρίανι
300 625 341 709 ἆμ
357 629 442 694 πᾶσι
462 626 535 697 τοῖν
551 624 564 716 ll
584 619 698 714 ἄγωσι
722 620 999 717 ἀπραγμοσύνην,
1025 622 1078 692 rol
1096 620 1125 690 π’
1140 618 1231 693 ἄλλα
1245 620 1308 693 ὅσα
1326 622 1379 691 καὶ

187 761 260 831 τοῖς
272 754 286 851 ΙΙ
298 752 415 826 ἄλλοις
435 752 602 847 προξένοις
616 754 669 823 καὶ
687 750 883 848 εὐεργέταις
901 750 964 821 τοῦ
981 751 1068 846 Ιιεροῖἷ
1083 752 1136 821 noi
1158 758 1218 823 τᾶς·
1235 750 1379 845 πόλιος.Ιῇ

263 881 339 953 Res
377 903 461 975 quin
498 878 535 949 in
575 878 645 949 hoc
685 878 832 948 decreto
870 886 1088 949 memoratur
1119 878 1276 976 vulgaris
1316 888 1379 950 est.

188 1006 320 1104 legati
351 1028 401 1077 sc.
436 1006 581 1076 domum
615 1004 820 1089 redeuntes,
850 1002 1006 1099 aliquem
1043 1003 1079 1075 in
1115 1006 1204 1077 urbe
1236 1006 1274 1077 iu
1309 1030 1382 1103 qua

188 1158 341 1206 munere
368 1156 436 1205 suo
465 1132 703 1220 sanctisunt,
734 1134 930 1231 degentem
965 1134 1113 1206 laudant
1143 1136 1191 1208 ob
1223 1135 1380 1233 insignia

187 1264 269 1361 ejus
287 1263 323 1332 in
352 1285 392 1332 se
415 1282 593 1355 suamque
617 1258 796 1331 civitatem
825 1257 961 1331 merita.
1014 1256 1088 1331 Sed
1111 1260 1207 1331 hanc
1232 1259 1382 1355 iuscrip-

186 1394 325 1467 tionem
350 1402 403 1464 tot
431 1391 571 1463 mendis
597 1400 745 1483 tamque
771 1389 879 1461 foedis
906 1410 1103 1484 respersam
1129 1392 1227 1463 dedit
1253 1390 1382 1463 Mura-

188 1521 302 1595 torius
333 1530 373 1591 ut
401 1544 446 1592 ex
476 1518 555 1590 aliis
581 1517 743 1613 partibus
774 1517 863 1588 nihil
896 1540 1024 1590 eruere
1050 1518 1192 1615 possim,
1228 1544 1274 1594 cx
1303 1521 1381 1593 aliis

188 1648 277 1721 nihil
294 1648 363 1719 nisi
385 1648 498 1745 longe
524 1669 546 1715 a
564 1644 747 1715 literarum
766 1645 875 1715 ductu
899 1647 1114 1718 recedendo.
1167 1648 1244 1721 Tot
1258 1660 1380 1723 autem

187 1776 394 1876 hujusmodi
424 1778 571 1848 decreta
613 1784 756 1862 extant,
792 1784 833 1845 ut
871 1773 908 1845 in
952 1776 1169 1874 corrigendo
1204 1778 1264 1853 vix
1305 1778 1381 1851 fulli

187 1912 381 2009 possimus.
435 1908 527 1997 Quae
566 1907 624 1979 hic
668 1906 832 1980 innuitur
866 1904 902 1979 T
903 1907 1027 1981 hcoria
1062 1910 1268 1983 mittebatur
1313 1911 1381 1983 nisi

186 2041 292 2113 fallor
324 2042 371 2112 ad
404 2038 627 2112 Antiochum
664 2034 893 2131 Epiphanem
930 2039 976 2109 ad
1011 2037 1204 2133 Daphnen.
1259 2039 1382 2114 ludos

186 2173 283 2246 enim
316 2198 398 2246 cum
440 2172 513 2243 illic
549 2169 793 2243 celebraturus
831 2180 937 2254 esset,
976 2171 1117 2267 legatos
1150 2176 1197 2246 ad
1236 2198 1381 2245 omnem

186 2298 370 2371 Graeciam
389 2298 485 2370 misit
499 2298 561 2393 qui
579 2292 727 2367 Graecos
744 2296 790 2365 ad
806 2294 909 2367 ludos
926 2306 1099 2369 vocarent
1110 2297 1134 2368 ⁴.
1188 2297 1243 2369 llli
1261 2310 1380 2371 nutem

186 2438 259 2499 tam
288 2426 500 2521 frequentes
525 2446 728 2495 convenere
751 2434 791 2493 ut
818 2433 990 2495 trecentoe
1021 2448 1126 2518 paene
1155 2426 1305 2498 theoriae
1334 2430 1381 2499 ad

188 2555 371 2650 Daphnen
399 2549 676 2625 concederent⁵.
728 2548 889 2638 Quodsi
921 2548 1039 2621 minus
1069 2551 1181 2623 cuivis
1210 2552 1379 2646 placebit,

187 2691 310 2761 forsan
352 2685 529 2784 cogitabit
571 2687 616 2755 dc
660 2683 819 2756 'l'heoris
859 2687 903 2756 ad
948 2686 1167 2758 Antiochum
1209 2684 1405 2762 adulandi*

184 2818 304 2916 gratia
339 2815 464 2897 missis,
500 2814 625 2886 eodem
670 2815 776 2884 modo
814 2838 889 2911 quo
927 2815 973 2885 ab
1019 2814 1301 2891 Atheniensibus
1333 2819 1380 2890 ad

187 2947 415 3021 Demetrium
427 2945 452 3017 ⁶.

185 3183 258 3246 tant,
279 3175 326 3232 sed
340 3193 358 3230 a
375 3181 540 3232 caeltmt‘um
561 3172 644 3229 ductu
664 3172 758 3230 literu-
807 3179 956 3256 προεδρίαν
982 3181 1151 3260 ἐξαιρέτους.
1200 3186 1284 3257 Apud
1312 3188 1378 3245 Mu.

183 3287 249 3325 rum
269 3267 351 3324 nimis
362 3267 467 3323 recedit
480 3267 539 3321 haec
553 3283 708 3340 voxquam
728 3278 758 3322 nt
807 3273 939 3328 raton'um
976 3283 1054 3330 extat
1091 3299 1188 3332 πανιαν
1225 3301 1376 3358 εμπραοεπ

183 3379 249 3418 eam
263 3361 330 3418 dare
343 3362 472 3418 audeam.
505 3360 534 3414 M
540 3360 676 3415 aratorius
689 3359 757 3434 legit
807 3373 866 3407 τοιι
887 3351 1012 3422 drances.

184 3455 379 3536 θειοροδοκιαν
397 3481 454 3511 τιον
472 3453 501 3511 δε
519 3455 626 3511 Πνθιιον
639 3478 683 3508 και
707 3478 757 3509 σο·
845 3457 1089 3538 ’ἅπραγμοσώψ
1130 3463 1213 3522 Hanc
1232 3483 1291 3522 rem
1309 3461 1374 3521 alibi

182 3576 298 3631 τηριον.
340 3551 468 3608 Proclive
494 3558 537 3608 est
563 3549 653 3624 legere
681 3549 757 3606 θεο-
806 3563 991 3611 memoratam
1007 3557 1082 3612 haud
1097 3559 1164 3617 vidi.
1195 3625 1199 3632 ι
1225 3609 1231 3624 ,

181 3642 298 3724 Ρθδθκῖν
313 3667 348 3701 ‘f‘
370 3647 427 3700 ⁷3⁹
441 3644 547 3702 Πυθῖθν
569 3642 612 3698 “l
634 3645 756 3720 W'll'f·
848 3665 860 3696 ³
881 3667 1029 3723 Postrema
1037 3671 1110 3742 apud
1123 3670 1310 3728 Muratorium
1319 3673 1372 3730 hoc

183 3767 230 3799 etv·
283 3739 338 3797 sed
363 3741 455 3796 008(Ῐο
482 3757 518 3795 ³¹¹
552 3741 588 3794 ab
613 3739 754 3794 Anll⁰⁰h⁰
804 3761 888 3817 modo
905 3761 1031 3822 eduntur.
1054 3786 1097 3818 και
1112 3765 1139 3820 τ’
1151 3776 1227 3821 altha
1242 3789 1371 3823 rotem

181 3837 241 3894 ludi
266 3835 321 3893 illis
349 3835 511 3892 ¹¹⁰ml¹¹lb¹¹⁸
538 3835 658 3910 l¹¹⁸lg¹¹⁰⁸
683 3833 753 3891 θεὴ·
803 3878 847 3910 και
861 3878 921 3910 rore
940 3853 1035 3912 α’λλοιε
1049 3856 1371 3936 προξενοιεκαιὲτεροιι

180 3935 337 3990 brarentur.
379 3930 503 3999 Quodsi
526 3930 637 3999 scirem,
664 3929 752 3985 nesci·
802 3973 890 4006 „m
906 3974 984 4029 napa
999 3962 1172 4008 ,mmm

180 4044 244 4082 rem
273 4045 308 4082 an
336 4025 443 4098 phrasis
469 4025 523 4082 ista
548 4026 618 4082 benc
650 4025 753 4082 Graeca
843 4061 921 4120 ⁴Cl.
956 4061 1054 4136 polyb,
1087 4063 1160 4136 apud
1189 4063 1296 4121 Athen·
1330 4064 1358 4120 v

180 4129 267 4178 ων·
803 4180 829 4234 ρ.
856 4165 921 4226 19⁴·
944 4161 978 4217 c.

223 4235 234 4267 1
255 4215 405 4293 προεδρίαν
425 4215 459 4285 ἐμ
475 4215 547 4270 πᾶσι
570 4221 630 4269 nois
651 4213 750 4282 α’γῦοτ.
841 4267 853 4299 ⁶
932 4267 938 4278 ,
961 4267 966 4279 ‚
1100 4273 1110 4288 ν

182 4305 272 4363 Haud
291 4306 387 4364 dubito
406 4308 472 4383 quin
490 4325 525 4363 ex
544 4307 678 4364 Herodoti
692 4325 754 4362 ver·
875 4269 918 4326 Id·
932 4268 997 4326 Μ·
1011 4287 1040 4344 p·
1057 4275 1123 4334 ¹9⁰·
1138 4271 1175 4326 Α·

181 4401 226 4459 bis
244 4401 315 4478 (Vl.
330 4407 394 4481 57.)
415 4404 490 4461 hunc
506 4403 599 4460 locum
620 4411 693 4460 recte
709 4403 756 4459 de·
845 4394 855 4425 ⁶
878 4395 1022 4454 Plutarch·
1039 4396 1099 4452 Vit·
1115 4395 1243 4455 Demetr·
1257 4417 1285 4471 p·
1301 4401 1368 4463 893·

186 4496 285 4553 herim.
328 4499 385 4555 Kal
412 4499 441 4556 ἕν
467 4507 543 4556 τοῖσι
570 4499 659 4570 α’γιῖσι
685 4501 755 4555 πᾶσι
808 4497 847 4552 Α.

945 4599 1014 4660 Οο
