3250 5350
839 473 911 551 166
1250 481 1400 567 [Crass.
1421 479 1495 546 ΙΙΙ.

367 663 507 737 “Intra
532 661 681 734 eandem
709 657 887 756 porticum
904 663 984 728 erat
1003 675 1069 726 ara
1095 651 1199 726 Joois
1226 651 1378 725 Hercei.
1432 651 1495 724 De

294 820 368 894 quo
395 819 475 868 cum
499 816 617 888 nuper
645 792 730 864 satis
756 791 890 862 dictum
916 787 1008 859 sit¹z
1036 785 1149 858 verbo
1175 809 1322 858 monere
1349 781 1497 882 sufficit,

294 927 391 999 hunc
414 927 542 998 aedium
570 923 786 1019 privatarum
816 917 1017 1000 custodem,
1046 914 1109 1010 qui
1136 914 1299 1000 cavebat,
1328 937 1376 985 ne
1404 914 1497 1008 quid

295 1059 422 1156 probri
458 1067 495 1130 et
535 1055 635 1128 exitii
670 1056 715 1126 de
748 1051 806 1126 via
841 1049 987 1148 publica
1021 1073 1090 1146 per
1129 1047 1322 1120 maceriam
1366 1049 1496 1145 (ἕρκος)

295 1192 458 1278 irrueret,
487 1199 524 1260 et
548 1189 673 1259 domus
703 1183 934 1258 securitatem
965 1192 1002 1254 et
1028 1179 1255 1252 sanctitatem
1284 1190 1498 1268 temeraret,

295 1320 468 1393 hocloco
492 1315 646 1414 positum
674 1311 833 1385 Penatis
853 1309 993 1405 publici
1014 1309 1133 1383 locum
1161 1309 1405 1382 obtinuisse.''

367 1449 570 1524 “Tandem
602 1448 681 1520 aede
709 1469 810 1518 sacra
833 1443 986 1529 eximus,
1013 1465 1122 1538 quarn
1142 1441 1220 1540 jam
1252 1442 1412 1540 quisque
1444 1445 1501 1516 in.

293 1581 433 1682 telligit,
458 1577 711 1654 vetustissimas
738 1577 963 1648 Athenarum
981 1583 1018 1645 et
1041 1571 1239 1671 religiones
1264 1584 1303 1647 et
1324 1575 1499 1649 historias

295 1711 500 1809 complecti.
568 1710 640 1781 Sed
694 1706 935 1805 interrogabit
982 1705 1133 1779 fortasse
1178 1705 1337 1801 aliquis:
1382 1733 1498 1805 quem

295 1844 439 1916 tandem
474 1842 511 1912 in
546 1865 648 1913 usum
683 1823 978 1934 Hecatompadon
1010 1845 1246 1922 exstructum,
1278 1839 1308 1910 si
1340 1839 1499 1912 sanctis·

296 1971 385 2044 sima
415 1993 570 2067 quaeque
600 1993 699 2043 sacra
733 1971 770 2042 in
803 1968 938 2065 templo
969 1967 1081 2040 multo
1110 1967 1250 2039 minore
1280 1946 1429 2058 fiebant,
1458 1980 1500 2042 et

296 2101 374 2196 ipsa
393 2123 525 2197 pompa
547 2099 819 2173 Panathenaico
848 2122 930 2170 cum
964 2097 1071 2194 peplo
1105 2123 1150 2170 eo
1171 2099 1264 2171 viam
1282 2097 1500 2196 dirigebat?

253 2309 258 2320 ,
296 2235 348 2308 At
391 2257 462 2332 ego
507 2234 725 2329 respondeo:
769 2229 1039 2329 augustissimas
1074 2230 1222 2326 quidem
1252 2230 1505 2302 ceremonias

297 2365 335 2438 in
375 2366 580 2440 Erechtheo
619 2389 745 2438 omnes
782 2374 958 2461 peractas,
1000 2365 1064 2436 sed
1108 2364 1239 2462 populo
1270 2364 1317 2434 ad
1357 2387 1501 2460 preces

299 2497 460 2598 quotidie
510 2497 712 2569 fundendas
757 2494 873 2594 magis
908 2495 1067 2592 patuisse
1117 2496 1402 2586 Parthenonem,
1446 2500 1499 2570 ad

297 2649 444 2725 pompas
479 2635 517 2698 et
555 2619 747 2695 concion'es
786 2621 1015 2719 excipiendas
1052 2622 1165 2695 multo
1198 2623 1402 2721 aptiorem:
1442 2625 1498 2699 ita

298 2771 351 2841 ut,
376 2758 406 2831 si
430 2757 516 2828 illud
538 2754 709 2850 templum
735 2756 959 2828 sacerdotum
984 2754 1128 2843 dixeris,
1153 2756 1235 2828 baec
1246 2756 1381 2851 populi
1395 2760 1495 2833 aedea

298 2889 451 2962 dicenda
476 2886 580 2958 sit².”

375 3025 510 3095 “Area
536 3021 633 3092 circa
652 3020 898 3097 Erechtheum
916 3021 1030 3123 signis
1056 3034 1093 3095 et
1118 3024 1243 3096 statuis
1265 3024 1375 3121 plena
1400 3036 1495 3097 erat.

300 3154 401 3233 Nam
435 3153 551 3227 omnis
580 3176 644 3225 arx
681 3152 852 3250 templum
887 3155 990 3251 quasi
1023 3167 1101 3228 erat
1132 3156 1199 3228 diis
1229 3169 1371 3230 tantum
1406 3183 1498 3231 con-

300 3296 489 3363 secratum.
545 3282 754 3411 Hiclplura
793 3282 970 3359 Palladio
1001 3286 1170 3360 incendio
1210 3288 1350 3363 Xerxis
1384 3293 1499 3364 semi·

300 3543 367 3603 eatis
391 3540 565 3601 memorabili
590 3538 659 3599 alias
686 3541 766 3617 plurh
789 3542 870 3599 affer·
918 3544 1032 3603 certatio
1044 3555 1088 3603 est
1100 3546 1171 3603 inter
1185 3544 1376 3607 Hatnieases:
1397 3546 1501 3608 West-

301 3639 372 3697 euda
397 3650 486 3696 erunt.
538 3639 622 3697 Hunc
650 3639 752 3698 vidisse
779 3648 871 3715 potest
918 3639 1009 3699 erbolt
1019 3642 1052 3698 de
1066 3641 1137 3699 Jove
1151 3640 1275 3703 Herceo.

301 3732 474 3792 Guilletiere.
513 3736 550 3795 V.
565 3756 649 3809 supra
662 3757 690 3811 p.
707 3712 755 3797 tl).
958 3734 971 3766 ¹
1002 3736 1096 3793 Etiam
1106 3736 1299 3810 inscriptiones
1313 3740 1343 3795 in
1357 3738 1500 3795 bonorem

279 3815 287 3823 ⁰
342 3834 399 3889 Ἀ
439 3830 577 3889 Creuzero
618 3850 663 3907 ap.
705 3832 869 3891 Platnerum
918 3832 1093 3891 sacerdotum
1116 3830 1238 3899 Palladis
1259 3834 1372 3907 publice
1396 3835 1500 3909 poeitae

303 3930 403 4008 Symb.
432 3928 467 3985 ad
490 3929 537 4004 jus
565 3932 626 3989 Att.
655 3948 681 4003 p.
697 3936 747 3999 92.
771 3948 814 4005 sq.
841 3941 869 3987 et
919 3929 1027 3989 suntad
1044 3930 1262 3999 Parthenonem,
1283 3931 1359 3989 sicut
1372 3930 1502 4009 baecap.

302 4028 463 4086 Commeat.
478 4024 613 4086 Herodot.
640 4046 668 4100 p.
682 4030 749 4084 231.
785 4025 868 4084 Addo
919 4027 1023 4084 Stuart.
1038 4024 1135 4100 Antiq.
1152 4024 1190 4081 ll.
1209 4031 1277 4099 1.p.
1295 4031 1345 4085 15.
1378 4028 1504 4086 Chand-

302 4129 471 4186 mentionem
495 4120 596 4181 tabulae
616 4122 719 4193 lliacae,
739 4122 784 4179 ubi
806 4122 868 4179 Pri·
918 4123 966 4182 ler.
982 4121 1022 4179 11.
1044 4138 1071 4195 p.
1087 4124 1134 4177 55.
1152 4124 1245 4176 ΜΩ.
1289 4118 1321 4177 Η
1347 4122 1502 4182 ΒΟΥΛΗ

302 4238 382 4280 amus
409 4211 465 4280 arae
492 4220 571 4280 Jovis
599 4217 701 4275 Hercei
728 4218 757 4275 in
782 4218 869 4275 medio
918 4220 993 4275 ΚΑΙ
1035 4219 1063 4275 0
1104 4212 1257 4273 ΔΗΜΟΣ
1302 4218 1506 4281 ΑΠΟΛΛΟ-

302 4317 554 4377 oestibaloinsidet.
589 4316 642 4375 Sed
656 4334 720 4375 eum
737 4318 772 4373 ab
790 4316 868 4374 initio
918 4314 1061 4373 ΔΩΡΑΝ
1073 4310 1396 4375 ΑΠΟΛΛΟΔΩΡΟΥ
1407 4318 1430 4375 Γ
1432 4322 1507 4380 ΑΡ·

302 4410 384 4468 deum
393 4409 474 4468 luisse
483 4414 654 4471 Teucrorum
665 4410 711 4469 vel
722 4410 867 4489 Phrygum
919 4408 1097 4468 ΓΗΤΤΙΟΥ
1126 4404 1345 4468 θΥΓΑΤΕΡΑ
1375 4412 1507 4474 EPPH-

300 4512 343 4581 (at
360 4508 475 4565 Teucris
493 4510 560 4567 nibil
580 4527 728 4567 commune
744 4518 786 4568 est
802 4527 869 4566 curu
920 4500 1172 4563 ΦΟΡΗΣΑΣΑΝ
1223 4500 1315 4574 (male
1371 4508 1506 4571 Cbaudl.
1585 4495 1586 4508 ¹

303 4603 472 4681 Phrygibus)
482 4601 550 4662 levis
563 4616 606 4663 est
616 4606 784 4679 conjectura.
805 4604 869 4661 Dis·
921 4599 1068 4673 ΙΕΡΗΦ.)
1088 4595 1250 4654 ΑΘΗΝΑΙ
1272 4598 1477 4663 ΠΟΛΙΑΔΙ.
