3250 5350
166 495 422 589 luscn.X111.]
742 495 788 573 87
855 465 861 474 ¹

169 685 311 780 quando
327 681 458 754 cultam
479 701 559 752 esse
570 674 762 748 ostendere
776 682 940 746 conatur.
969 669 1232 746 Barthaiemius
1248 695 1358 748 voces

170 822 244 891 θεος
261 819 362 910 Τνχα
380 818 500 887 Σαοτις
511 807 648 908 junxit,
666 815 703 879 at
721 827 802 878 curn
821 811 941 883 Σαοτις
956 829 1022 902 pro
1039 811 1201 902 Emespa,
1216 801 1359 902 vulgari

169 977 212 1026 sc.
240 951 415 1024 Fortuna
440 933 636 1046 agnomine
647 943 671 1030 ¹,
692 943 827 1016 dicturo
846 943 1036 1040 putaverit,
1062 944 1113 1019 ita
1133 942 1253 1030 vertit,
1276 939 1361 1016 Deo

171 1081 334 1155 Fortuna
369 1078 631 1153 conservatrix.
695 1075 956 1152 Siebenkeesio
982 1076 1146 1150 arbitrari
1180 1075 1277 1149 risus
1306 1083 1363 1148 ent

170 1213 432 1288 Barthelamius
448 1212 617 1285 laminam
637 1220 792 1284 nostram
812 1211 999 1285 continere
1015 1213 1199 1285 dentatum
1216 1205 1362 1306 hospitii

169 1344 300 1440 publici
325 1345 362 1417 in
386 1343 561 1418 Fortuna
589 1343 870 1418 Conservatriois
893 1345 1029 1442 templo
1051 1341 1238 1420 contracti.
1290 1339 1363 1414 Cui

170 1477 358 1551 sententia
375 1488 472 1550 recte
489 1477 647 1551 occurrit
665 1477 979 1562 Siebenkeesius',
1000 1499 1134 1575 rogans
1151 1475 1298 1549 ubinam
1316 1471 1364 1546 ait

171 1613 268 1685 urbis
289 1611 544 1685 benefactricis
564 1635 710 1700 nornen,
739 1613 835 1710 quod
857 1613 895 1686 in
915 1611 1061 1710 publico
1077 1613 1223 1684 decreto
1247 1608 1362 1684 ontitti

171 1747 322 1843 nequire
351 1771 478 1820 omnes
502 1747 645 1834 vident;
679 1744 944 1844 Barthaiemius
967 1757 1088 1820 tantan
1112 1743 1220 1818 vertit
1242 1741 1364 1816 “Deo

167 1875 319 1966 fortuna
344 1871 596 1946 conseruati-ia
619 1871 684 1944 dot
708 1869 873 1944 Sicania
898 1874 984 1964 &03⁹
1030 1897 1113 1970 quoe
1135 1870 1222 1969 quid
1242 1869 1365 1958 veiint,

172 2027 291 2092 nemo,
320 2005 442 2090 oredo,
473 2003 675 2103 intelligere
705 2013 834 2100 potest
885 2001 986 2077 Turn
1013 2001 1173 2078 lanzius
1199 2002 1246 2076 de
1275 2001 1366 2077 urbe

172 2139 328 2236 quadam
354 2135 596 2231 antiquissimi
627 2135 799 2210 Lucaniae
832 2136 955 2233 populi
982 2137 1241 2210 Sontinomn³
1268 2137 1369 2237 cogi·

173 2267 272 2356 tavit,
301 2279 339 2341 et
367 2273 399 2338 N
424 2268 551 2339 eodem
577 2270 684 2342 modo
709 2268 767 2341 hic
793 2269 946 2367 ejectum
975 2269 1108 2357 statuit,
1135 2293 1208 2367 quo
1234 2292 1255 2342 a
1280 2291 1368 2344 voce

173 2399 412 2484 Linternum,
439 2419 522 2494 quae
543 2397 737 2494 aliquando
756 2397 952 2470 Liternum
972 2399 1152 2471 scribitur.
1203 2398 1259 2470 lta
1280 2420 1369 2496 ergo

175 2531 321 2603 initium
340 2525 581 2623 inscriptionis
599 2531 716 2604 vertit.

250 2665 276 2698 “
290 2655 376 2731 Deo
400 2657 575 2757 sutona,
620 2656 741 2753 (urbs)
778 2653 898 2731 Sontis
929 2658 995 2732 dat
1029 2655 1194 2733 Sinam
1225 2655 1371 2733 domici·

172 2792 266 2867 lium
296 2796 357 2884 ⁸5⁰·

253 2926 329 2998 Sed
346 2934 447 2999 recte
473 2922 753 3001 Siebenlteeflius
776 2928 895 3001 Σᾶοτις
922 2922 1024 3008 ilion
1046 2950 1113 3023 pn)
1141 2928 1280 3023 ἡπόλις
1306 2937 1375 3003 rur

177 3064 350 3131 Σαοτὶνων
366 3053 469 3131 itinn
485 3060 579 3133 bene
608 3060 678 3133 dici
695 3034 804 3157 possa
818 3072 1038 3159 negatam
1056 3062 1093 3133 in
1113 3060 1212 3135 nulio
1229 3060 1374 3135 urbium

175 3192 328 3265 decreto
363 3191 434 3264 tais
465 3190 639 3289 quioquid
676 3202 785 3265 extet.
840 3192 1028 3268 Schowius
1061 3206 1143 3291 post
1172 3196 1252 3272 Osis
1278 3194 1375 3294 Τύχα

75 3304 81 3321 ’
176 3324 293 3397 rerba
328 3324 414 3401 ἱλέος
443 3326 493 3409 εἴη
528 3324 716 3397 subaudiri*
741 3335 845 3420 putat
874 3295 911 3399 et
943 3326 1022 3399 hac
1051 3324 1163 3399 addit.
1220 3324 1377 3399 “Verba

181 3464 305 3535 Σαοτις
329 3452 431 3529 irim
450 3490 481 3527 κ.
494 3490 528 3529 τ.
542 3466 576 3529 λ.
604 3455 725 3551 paullo
741 3454 914 3555 ambigua
940 3466 1036 3543 sunt,
1059 3456 1277 3545 stobaeum,
1294 3480 1378 3553 quae

175 3598 305 3661 autem
334 3588 384 3658 ita
408 3585 647 3686 intelligenda
669 3610 749 3661 asso
771 3610 866 3671 reor,
894 3585 1010 3661 sooria
1031 3588 1093 3663 dot
1121 3586 1286 3663 Siraeniae
1313 3590 1377 3663 do·

174 3737 284 3787 mum
316 3690 358 3807 (i.¹
376 3738 410 3786 e.
439 3712 708 3808 habitationem)
743 3724 776 3789 et
798 3724 929 3791 catera
954 3718 1090 3806 oman,
1125 3718 1163 3813 (i.
1183 3744 1216 3792 e.
1245 3728 1380 3792 cratem

63 3836 69 3849 “
174 3843 320 3931 omnio,
341 3864 423 3941 quae
439 3854 579 3938 preater
592 3844 853 3918 habitaturam
869 3846 1074 3920 mansorio
1091 3849 1227 3941 Μεθ’)
1279 3846 1379 3919 Heo-

175 3976 307 4051 senius
326 3976 454 4047 eodem
474 3978 581 4050 modo
598 4002 669 4074 quo
689 3977 952 4053 Barthaiernius
969 3980 1085 4077 prima
1101 3979 1213 4070 verba
1227 3977 1378 4077 inscrip-

174 4108 293 4181 tionis
314 4108 507 4205 explioat⁴.
555 4110 687 4185 Postea
708 4112 854 4209 (mirum
876 4112 993 4208 dictu)
1014 4112 1066 4185 ita
1089 4112 1208 4186 locum
1226 4112 1381 4186 ordinat.

219 4326 230 4357 ¹
258 4328 333 4387 Pist.
346 4326 458 4405 Cratyl.
472 4348 499 4405 p.
508 4334 578 4395 473.
592 4331 635 4391 od.
647 4332 759 4393 Serran.
853 4338 864 4370 ⁸
885 4330 977 4409 Hujus
998 4332 1073 4391 urbis
1091 4332 1227 4391 memoria
1240 4335 1304 4409 jam
1326 4330 1382 4392 Pu-

176 4423 278 4482 Inatr.
308 4423 455 4500 Agrigent.
489 4426 563 4501 apud
596 4426 758 4485 Torramuz.
811 4428 850 4486 nii
871 4438 995 4505 tempora
1013 4446 1093 4505 poene
1119 4428 1269 4488 interierat.
1309 4428 1382 4487 Ptin

176 4518 279 4577 inser.
295 4516 351 4576 sic.
366 4520 426 4579 No.
438 4524 487 4587 79.
503 4526 552 4580 82.
814 4525 884 4584 Nat.
906 4525 982 4585 ltin.
1004 4524 1053 4583 lib.
1068 4524 1122 4582 111.
1144 4544 1169 4583 o.
1183 4532 1213 4593 7.

221 4616 234 4649 ¹
262 4614 437 4679 Siebankeos.
452 4618 498 4680 ubi
510 4639 606 4700 supra,
619 4628 707 4700 Ml.
850 4620 1063 4682 ⁴itaeranubi
1076 4640 1167 4698 supra,
1185 4626 1257 4700 p.3.
1299 4618 1383 4682 “Dis
