3250 5350
257 487 362 559 xxxiv
717 517 1064 568 anouaoonunr.

190 739 194 754 ,
264 667 443 766 llbeginis
458 672 481 755 ¹,
535 671 767 768 Segestaeisl,
824 672 1114 771 Agrigentinis³‚
1169 669 1453 770 Morgantinis⁴.

267 793 352 866 Nec
395 797 465 868 alia
513 799 647 894 quoevis
692 799 805 870 forma
849 811 947 872 extat
995 799 1032 870 in
1071 799 1270 894 alphabetis
1314 791 1456 870 Latinis

265 925 520 998 vetustissimis.
550 927 641 1000 lude
661 939 745 1000 nota
762 927 824 999 illa
842 935 1005 1015 ACNVS,
1023 930 1261 1001 CABINVS⁵.
1297 929 1455 1001 Scauros

265 1054 410 1147 quidem
438 1057 569 1131 diserte
598 1069 750 1130 testatur
774 1059 809 1129 in
841 1085 900 1132 xxx
928 1061 1059 1132 tabulis
1090 1061 1260 1155 scriptum
1294 1083 1374 1131 esse
1401 1063 1455 1130 NI

133 1193 136 1200 '
265 1191 456 1258 PACUNT
480 1211 547 1282 pru
583 1196 793 1273 PAGUNT,
829 1203 866 1260 et
896 1189 1046 1262 eandem
1067 1191 1227 1265 formam
1250 1213 1291 1261 ae
1317 1187 1456 1260 uidisse

263 1325 415 1389 testatur
448 1317 485 1388 in
513 1317 652 1389 foedere
682 1318 815 1391 Graeco
849 1317 1047 1414 aliquando
1082 1319 1118 1389 in
1156 1315 1311 1389 Coesaris
1345 1312 1455 1409 portia

263 1443 397 1515 extanti
413 1445 437 1516 ⁶.
488 1444 574 1516 Nec
595 1447 743 1517 dubium
763 1461 819 1518 est
841 1445 929 1542 quin
947 1447 1116 1542 poculum
1134 1445 1222 1517 illud
1241 1445 1340 1540 quod
1357 1442 1456 1515 infra

264 1573 421 1665 ponitur,
449 1595 523 1666 quo
550 1571 718 1644 scribitur
748 1580 1073 1660 AGAMEMNON,
1104 1596 1151 1645 ex
1179 1573 1252 1643 ima
1278 1577 1457 1644 uetustate

264 1700 310 1770 ad
333 1723 397 1772 nos
424 1723 539 1796 usque
562 1700 795 1774 descenderit.
847 1701 991 1774 Novam
1022 1725 1103 1773 esse
1127 1700 1265 1772 literam
1292 1705 1326 1768 G
1354 1705 1457 1770 notat

266 1829 476 1914 Diomedes,
502 1829 571 1900 “in
591 1830 694 1926 cujus
716 1830 862 1902 locuni'’
880 1830 1000 1926 inquit
1019 1836 1086 1900 “C
1107 1829 1245 1900 solebat
1260 1824 1454 1921 appoui⁷‚”

266 1971 303 2034 et
340 1967 374 2030 G
408 1959 575 2030 omnibus
608 1956 757 2030 vetustis
798 1959 915 2031 ltaliae
948 1957 1082 2053 linguis
1116 1958 1243 2029 deesse
1277 1966 1456 2027 testantur

266 2090 400 2164 Gorius
417 2100 455 2161 et
474 2089 632 2161 lanzius
643 2088 666 2158 ⁸.
694 2089 742 2160 Et
755 2088 917 2182 profecto
934 2090 978 2159 de
994 2087 1229 2160 vetustissima
1243 2087 1455 2160 Groecoruui

265 2221 394 2315 lingua
422 2216 666 2312 quarentibus
701 2215 798 2286 nulla
831 2217 905 2287 dux
932 2215 1044 2288 tutior
1075 2227 1130 2286 est
1160 2238 1267 2309 quani
1296 2225 1456 2286 vetustas

267 2350 409 2423 latina.
464 2345 548 2418 Nec
566 2370 637 2443 ego
664 2347 813 2418 formam
840 2343 931 2415 illam
954 2357 986 2420 <
1017 2347 1152 2440 (quam,
1179 2359 1221 2416 nt
1244 2347 1455 2440 supradixi,

265 2487 390 2575 postea
408 2477 534 2561 verris,
564 2499 635 2547 non
655 2474 812 2557 mutatis,
842 2474 948 2546 lineis
965 2497 1031 2568 per
1056 2483 1085 2544 A
1103 2484 1139 2545 et
1160 2475 1318 2570 denique
1335 2499 1403 2570 per
1432 2483 1455 2545 Γ

266 2614 440 2709 scripsere
475 2611 611 2703 Graeci)
650 2635 777 2685 novam
815 2613 996 2707 quandam
1025 2610 1177 2709 figuram
1207 2636 1287 2686 esse
1320 2615 1428 2687 credo
1441 2641 1453 2700 3

267 2768 350 2816 curn
388 2752 509 2813 autern
542 2740 781 2833 sculptoribus
811 2741 925 2812 lineas
962 2750 1079 2814 rectas
1119 2766 1227 2837 qoam
1262 2744 1455 2816 circulares

267 2871 319 2967 (id
337 2891 483 2964 quoque
507 2870 603 2962 quod
633 2867 847 2960 supradixi)
875 2866 1017 2939 efficere
1045 2869 1187 2941 facilius
1212 2869 1270 2957 sit,
1295 2882 1452 2944 veterem

267 3120 338 3175 Ant.
365 3116 460 3173 lacriz.
486 3115 515 3171 di
543 3112 664 3173 Palerm.
694 3134 720 3187 p.
736 3122 784 3179 72.
807 3125 836 3171 et
886 3115 1062 3191 Antiquario.
1078 3115 1178 3190 Lapid.
1194 3132 1233 3172 ιι.
1247 3134 1272 3174 c.
1289 3122 1372 3190 ll.p.
1385 3122 1453 3176 323.

268 3211 323 3271 Sic.
356 3213 445 3287 objac.
478 3208 565 3265 lusui.
599 3207 726 3280 iuscript.
760 3208 835 3267 Prol.
924 3212 1078 3268 ⁸Scaurus
1087 3213 1161 3285 apud
1175 3210 1290 3269 Putscb.
1301 3230 1329 3285 p.
1344 3218 1435 3271 2258.

270 3323 397 3364 xxxvr.
440 3304 544 3361 Paruta
572 3310 598 3373 l,
623 3308 651 3369 2,
671 3306 701 3361 3.
727 3308 756 3368 9.
788 3310 835 3361 11.
923 3305 1087 3364 'Diomed
1109 3305 1182 3378 apud
1204 3304 1319 3363 Pntscb.
1342 3323 1369 3378 ρ.
1383 3311 1452 3362 418.

269 3402 380 3459 13.17.
422 3394 576 3451 Burmann.
597 3392 632 3447 ad
650 3390 720 3451 calc.
741 3392 835 3450 D'Or·
886 3399 912 3451 Α
942 3395 1042 3469 Spurio
1069 3395 1196 3453 Carvilio
1225 3396 1368 3453 indoctam
1393 3415 1454 3455 ease

269 3489 328 3550 vill.
345 3488 401 3546 Sic.
416 3508 442 3563 p.
454 3494 524 3547 350.
534 3496 562 3544 et
572 3484 640 3554 396.
885 3494 914 3549 G
940 3492 1050 3551 literam
1086 3500 1185 3550 auctor
1216 3500 1258 3549 at
1285 3490 1453 3551 Plutarchus

308 3587 317 3617 ¹
341 3584 479 3641 blionnat.
494 3578 576 3641 Tomi
592 3601 615 3639 1.
630 3602 657 3655 p.
673 3588 739 3649 ¹99·
884 3586 982 3654 Queat.
995 3585 1079 3641 Rom.
1095 3603 1134 3641 ιι.
1149 3603 1175 3658 p.
1187 3590 1256 3649 277.
1272 3584 1311 3639 D.

308 3680 319 3712 ²
341 3678 459 3737 Eclxbel.
479 3695 503 3738 1.
528 3696 556 3751 p.
582 3682 652 3735 234.
694 3676 834 3734 Mionuet.
922 3681 934 3714 ⁸
954 3679 1050 3735 Lanzi.
1065 3679 1149 3754 Sagg.
1170 3697 1193 3735 ι.
1215 3697 1241 3752 p.
1254 3684 1322 3735 210.
1341 3687 1370 3734 et
1383 3684 1451 3743 247.

269 3775 351 3835 Tom.
367 3792 391 3834 1.
404 3793 431 3847 p.
447 3778 516 3831 282.
882 3783 910 3829 et
934 3771 973 3828 ibi
1002 3773 1070 3829 Not.
1111 3772 1208 3829 Multa
1229 3770 1362 3845 exempla
1386 3788 1453 3829 usus

308 3868 320 3899 ³
340 3867 478 3927 Mionnet.
494 3886 516 3923 1.
530 3886 559 3940 p.
573 3872 642 3923 212.
883 3866 972 3924 literae
989 3866 1075 3923 Cubi
1094 3866 1178 3923 hodie
1196 3868 1224 3923 G
1240 3865 1369 3922 scribitur
1389 3884 1455 3940 sup-

308 3962 516 4019 ⁴Torremusa
554 3960 610 4017 Sic.
645 3959 733 4015 Num.
767 3958 833 4014 Vet.
883 3960 988 4034 peditat
1006 3960 1148 4033 inscriptio
1172 3957 1305 4015 Duiliaua
1323 3958 1408 4015 modo
1427 3960 1454 4015 ci

269 4058 338 4117 Tab.
369 4075 413 4117 ι.ι.
446 4061 474 4112 4.
529 4054 663 4110 lllionnet.
695 4054 778 4110 Tom.
810 4069 833 4108 1.
885 4054 967 4111 fidem
994 4055 1155 4111 babeamus.
1196 4052 1241 4110 cf.
1270 4052 1356 4109 Lanu.
1379 4070 1403 4109 1.
1425 4072 1453 4127 p.

270 4170 296 4225 p.
311 4148 378 4208 260.
887 4154 953 4206 143.
1002 4150 1130 4224 Burgeaa.
1158 4147 1194 4203 ad
1221 4148 1332 4204 Danas.
1359 4147 1403 4203 M.
1419 4147 1454 4205 C.

272 4256 274 4261 “
311 4246 389 4304 ⁸Cf.
411 4245 531 4304 Salmas.
557 4244 590 4299 de
613 4241 722 4299 Hellen.
744 4260 770 4315 p.
786 4239 833 4297 86.
885 4262 912 4317 p.
921 4248 989 4308 429.
1005 4243 1062 4299 Sed
1071 4240 1280 4315 inscriptionem
1290 4240 1454 4297 Duiliauaru

270 4340 427 4399 Montsauc.
452 4339 512 4397 Pal.
537 4341 587 4396 Gr.
611 4336 672 4392 Lib.
698 4353 735 4391 ιι.
758 4352 783 4390 c.
805 4342 833 4393 3.
885 4336 1105 4392 commentitiam
1130 4354 1189 4393 esae
1210 4342 1291 4409 putat
1311 4335 1454 4403 Matiene,

267 4458 294 4513 p.
319 4442 385 4501 117.
427 4432 556 4490 Bouhier.
578 4432 614 4489 ad
637 4430 706 4489 calc.
730 4428 833 4488 Monts.
885 4448 1004 4506 maguus
1017 4431 1046 4487 in
1065 4430 1119 4487 bac
1142 4449 1172 4489 re
1191 4440 1298 4489 auctor.
1340 4430 1453 4488 Videris

266 4532 332 4591 ibid.
344 4534 368 4603 l.
381 4534 428 4588 to.
453 4547 480 4605 p.
497 4522 563 4590 56³.
610 4521 726 4585 Zachar.
741 4521 830 4583 lustit.
886 4526 950 4583 Art.
961 4522 1030 4585 Cn't.
1044 4524 1115 4599 Lap.
1128 4542 1183 4582 ιιι.
1198 4530 1228 4583 2.
1251 4544 1279 4599 p.
1296 4528 1365 4610 179.
