3250 5350
335 482 410 563 372
793 500 1025 551 sernunrx.

336 666 410 708 usos
434 642 590 727 publium
614 645 807 728 sepulturam
829 642 998 709 instituisse
1015 636 1084 708 ‘reis
1107 635 1141 709 ἐν
1169 634 1254 727 τῷδε
1274 644 1326 729 τῷ
1344 639 1490 731 πολέας

335 739 471 830 πρῶτον
503 734 749 819 ἀποθανόντων,
791 765 852 826 qus
888 742 1054 805 occasione
1097 740 1234 807 Pericles
1276 742 1489 807 celeberrima

336 838 474 904 orations
509 842 603 903 funus
640 862 748 903 corum
789 837 971 903 nobilitavit.
1026 836 1099 903 Hsc
1135 838 1204 922 ipss
1250 856 1356 905 sutem
1401 845 1489 905 cele·

336 935 447 1001 britste
473 950 613 1001 nostrum
640 935 835 1020 epitsplrium
869 939 1014 1019 sepulcro
1038 957 1145 999 eorum
1180 936 1322 1019 publico,
1354 937 1415 1023 qui
1449 941 1487 1001 sd

338 1034 512 1098 Potidsssm
541 1033 728 1107 occiderunt,
762 1032 859 1097 luisse
888 1032 1083 1117 impositum,
1109 1046 1174 1097 tum
1200 1057 1218 1097 e
1241 1058 1270 1095 ν.
1283 1045 1317 1107 9.
1349 1052 1489 1119 spperct

337 1138 511 1195 susm
528 1136 626 1195 usu
640 1136 769 1194 nouis
786 1136 903 1193 unns
920 1136 1048 1193 noem
1072 1130 1095 1193 i.
1110 1154 1138 1194 e.
1164 1120 1280 1216 ἄιδρις
1292 1126 1362 1206 μὲι
1382 1126 1488 1201 πόλις

335 1216 390 1305 ilde
414 1226 526 1305 ποθεῖ,
552 1251 616 1313 quo
634 1230 734 1293 luctus
752 1226 863 1312 populi
881 1229 920 1291 de
944 1227 989 1291 eis
1014 1242 1160 1315 tanquam
1185 1252 1320 1313 presens
1336 1252 1486 1293 comme·

335 1340 484 1404 moretur,
511 1337 575 1389 tum
598 1348 636 1389 es
653 1328 738 1403 loco,
762 1324 793 1387 in
817 1348 880 1409 quo
898 1346 1032 1389 marmor
1051 1326 1208 1388 inventum
1234 1338 1292 1389 est.
1342 1324 1486 1390 Jscebst

336 1422 418 1487 cuim
447 1423 478 1485 in
511 1422 632 1505 campis
658 1422 839 1487 Acsdemiae
872 1434 957 1487 entre
985 1419 1065 1485 vism
1092 1446 1224 1498 sscrsm,
1250 1446 1320 1507 quae
1344 1423 1483 1487 Athenis

336 1519 485 1585 Eleusine
511 1520 609 1585 ducit.
660 1519 739 1585 Esm
765 1518 846 1584 virm
873 1518 1041 1584 Pausanias
1069 1518 1100 1584 in
1118 1519 1216 1584 Attic.
1249 1544 1282 1603 p.
1305 1528 1358 1583 28.
1388 1521 1480 1603 sylb.

337 1641 368 1681 c.
383 1619 434 1681 86.
451 1642 518 1703 seq.
557 1616 666 1681 Kulrn.
691 1616 838 1682 describit
862 1615 1013 1700 repletam
1038 1614 1189 1702 sepulcris
1210 1631 1242 1680 et
1268 1620 1480 1681 monumentis

336 1716 466 1798 lieroum
486 1730 580 1801 utque
602 1714 755 1779 clarorum
773 1714 917 1793 virorum,
945 1714 998 1799 qui
1024 1713 1096 1777 inde
1123 1738 1140 1777 s
1162 1714 1376 1778 remotissimis
1399 1731 1478 1778 tem·

336 1812 464 1895 poribus
482 1811 604 1892 virtute,
624 1811 786 1895 sapientis,
809 1812 856 1874 vel
881 1814 966 1896 quod
991 1811 1021 1875 in
1045 1810 1138 1875 literis
1165 1810 1321 1875 srtibusve
1340 1816 1477 1877 excellu-

335 1910 442 1987 issent,
468 1908 575 1992 petrice
594 1908 724 1992 gloriam
747 1908 983 1973 illustraverant.
1037 1907 1132 1972 Erunt
1155 1908 1275 1987 tumuli,
1297 1922 1329 1973 et
1357 1913 1397 1973 sd
1425 1934 1477 1974 eos

336 2029 407 2081 erte,
433 2018 551 2086 ststuoe,
576 2030 703 2071 nemore
716 2020 808 2091 utque
826 2004 923 2090 cippi.
975 2006 1092 2069 Eadem
1106 2005 1245 2089 regione,
1271 2004 1475 2071 Academiam

336 2127 453 2183 versus,
478 2104 594 2188 sepulti
611 2117 708 2185 erent,
731 2103 844 2190 quibus
863 2102 1033 2187 contigerat
1051 2118 1131 2167 terra
1147 2102 1286 2188 merique
1304 2128 1364 2187 pro
1378 2105 1475 2189 patris
1526 2156 1530 2163 .

335 2200 547 2286 pugnsntibus
564 2201 653 2265 mori.
706 2202 745 2266 P.
760 2208 814 2265 28.
841 2203 861 2265 l.
877 2202 910 2265 6.
928 2189 1032 2265 Ἔστι
1049 2189 1084 2265 δὲ
1101 2196 1152 2265 καὶ
1167 2200 1251 2265 πᾶσι
1264 2194 1372 2278 μνῆμα
1387 2196 1476 2279 Ἀθη-

338 2296 435 2365 solon
461 2292 594 2369 ὁπόσοις
621 2292 799 2365 ἀποθανεῖν
823 2290 1002 2363 evolveres
1025 2288 1061 2364 ἓν
1086 2322 1127 2362 τι
1153 2297 1341 2386 ναυμαχίαις
1367 2295 1421 2363 rui
1445 2292 1478 2363 ἓν

334 2390 457 2485 μα’χαις
473 2390 600 2487 πεζαῖς,
625 2389 715 2475 πλῆν
728 2390 802 2461 ὅσοι
815 2392 994 2485 Μαραθῶνι
1008 2390 1116 2461 αὑτιῗιν
1128 2388 1373 2557 {pluviosam
1402 2392 1477 2460 τοιῖ·

334 2518 407 2563 τοις
422 2488 496 2584 ’γοῖρ
522 2488 610 2613 'imi
639 2487 753 2657 ᾖρον
771 2489 858 2604 ficis
880 2490 911 2558 oi
926 2488 1032 2584 πιὶφοι
1058 2482 1087 2555 δι

1108 2486 1130 2556 ci
1165 2490 1344 2580 ραγαθὶαν.
1387 2484 1476 2557 oide'

336 2581 437 2656 ἄλλοι
458 2616 545 2657 κατα
563 2617 627 2669 την
734 2584 941 2669 κεινταιτὴν
957 2590 999 2661 εἷς
1014 2580 1214 2667 Ἀκαδημίαν.
1267 2587 1344 2655 Kal
1363 2592 1478 2682 σφῶν

334 2683 572 2756 devinciri
593 2684 670 2759 τα“ς
694 2683 831 2780 τάφος
852 2689 1014 2768 στῆλαι,
1042 2682 1092 2753 ‘rc'
1119 2682 1293 2764 ὀνόματα
1320 2685 1385 2754 rol
1408 2685 1477 2753 τὸν

336 2775 458 2864 δῆμον
484 2779 662 2852 ἑκάστου
685 2781 901 2873 λέγουσαι.
953 2787 1024 2850 Nec
1058 2809 1130 2850 vero
1161 2790 1228 2850 sols
1256 2787 1474 2852 defunctorum

335 2884 471 2959 nomios,
496 2888 551 2948 sed
578 2884 701 2948 lsudem
725 2907 852 2970 quoque
876 2884 1058 2969 virtutisque
1085 2883 1265 2947 memoriam
1289 2884 1336 2947 his
1360 2885 1473 2968 cippis,

337 2981 448 3044 saltem
469 2981 610 3064 pluribus
627 3003 734 3044 eorum
752 2981 932 3065 inscriptum
946 2983 1051 3056 luisse,
1076 2979 1108 3043 id
1126 2981 1261 3065 quidem,
1284 2981 1425 3066 quamvis
1441 2981 1472 3044 in

336 3079 420 3158 loco,
447 3101 540 3164 quem
561 3077 791 3162 exscripsimus,
815 3101 879 3142 non
896 3091 1167 3154 commemoretur,
1193 3077 1277 3142 censi
1295 3093 1396 3142 tsmen
1413 3101 1472 3161 po·

336 3187 398 3239 test
420 3199 457 3238 ex
481 3175 541 3251 his,
565 3199 635 3260 quse
652 3174 802 3260 deinceps
821 3175 990 3240 Psussniss
1011 3191 1246 3240 commemorat.
1296 3175 1379 3238 Nsm
1405 3199 1470 3238 ser·

335 3297 456 3349 vorum,
479 3273 532 3360 qui
560 3297 618 3357 pro
635 3271 769 3337 dominis
794 3289 968 3356 pugnantes
991 3275 1212 3345 occubuerant,
1239 3270 1367 3358 cippum
1391 3272 1471 3334 indi-

337 3393 426 3434 casse
453 3371 528 3436 dicit
549 3364 695 3458 α’γαθοθς
711 3369 802 3460 σφᾶς
823 3363 860 3433 ἐν
888 3369 937 3454 τῷ
952 3363 1089 3454 πολέμῳ
1114 3363 1274 3455 ’γενέσθαι
1300 3365 1372 3457 περὶ
1393 3363 1472 3437 ‘roric

219 3551 224 3558 Ι
266 3481 269 3486 “
333 3456 517 3543 δεσπότας,
542 3482 576 3531 et
591 3470 622 3530 in
638 3471 784 3550 sepulcro
797 3490 917 3545 eorum,
933 3490 1012 3552 quos
1029 3471 1067 3530 nd
1080 3466 1264 3530 Corinthum
1280 3490 1470 3552 puguscou·

337 3575 383 3625 trs
399 3564 579 3648 Agesilaum
595 3567 798 3638 obsumserst,
823 3565 1029 3628 describendo
1046 3565 1115 3648 ipss
1127 3556 1266 3648 ἐλεγεῖα
1279 3585 1470 3628 commemo·

338 3672 386 3723 rst
398 3685 432 3745 p.
449 3669 503 3734 29.
522 3659 544 3726 l.
564 3669 595 3731 7.
639 3655 743 3726 Mer-ci
760 3649 794 3722 dd
811 3653 887 3730 rods·
904 3655 1130 3727 ἀποθανόντας
1150 3653 1185 3724 ἔν
1205 3660 1362 3748 Κορίνθῳ,
1387 3653 1470 3736 στή-

338 3759 402 3834 λην
426 3755 483 3823 ἐπὶ
506 3748 620 3824 τοῖσδε
647 3752 782 3823 ἑστάναι
809 3752 873 3834 τὴν
905 3752 1009 3836 αὐτὴν
1034 3757 1223 3833 σημαίνει
1250 3751 1299 3820 τὰ
1319 3753 1468 3843 ἐλεγεῖα,

337 3855 409 3925 τοῖς
432 3849 492 3930 μὲν
516 3850 552 3920 ἑν
580 3849 709 3940 Εὖβοῖᾳ
739 3879 781 3919 το
808 3850 863 3920 καὶ
888 3855 960 3940 Χίῳ
988 3849 1226 3932 τελευτήσασι,
1249 3849 1326 3920 τον’ς
1356 3843 1468 3920 dde'rl

339 3951 410 4020 τοῖς
438 3947 597 4042 ἐσχάτοις
625 3953 687 4030 τῆς
714 3945 857 4029 Ἀσιανῆς
885 3941 1103 4042 διαφθαρῆναι
1129 3940 1234 4032 δηλοῖ,
1269 3945 1345 4022 rode
1372 3941 1408 4016 dd
1436 3947 1467 4018 ἓν

338 4050 483 4135 Σικελίᾳ.
534 4053 615 4116 Post
638 4053 705 4114 lrssc
730 4051 896 4114 multorum
920 4053 1067 4131 tumulos,
1094 4063 1126 4114 et
1146 4073 1277 4133 pugnus,
1300 4051 1331 4113 iu
1359 4051 1468 4135 quibus

337 4152 557 4228 occubuerunt,
578 4161 730 4226 recenset,
761 4146 845 4210 nulle
867 4162 983 4226 temen,
1013 4152 1097 4232 quod
1122 4147 1261 4231 inprimis
1289 4161 1466 4232 exoptatum

337 4247 428 4312 nobis
445 4245 617 4326 cecidisset,
636 4268 745 4309 eorum
762 4243 932 4319 mentione,
957 4245 1011 4332 qui
1033 4247 1071 4308 sd
1096 4243 1269 4309 Potidaesm
1283 4245 1465 4310 ceciderant

337 4343 463 4408 Horum
490 4358 592 4410 sutem
627 4345 802 4427 sepulcrum
830 4343 862 4405 in
894 4345 1004 4406 eodem
1032 4343 1104 4406 loco
1131 4341 1226 4406 luisse
1259 4355 1372 4425 prester
1403 4343 1465 4427 epi·

335 4441 477 4524 tsplrium
508 4442 552 4507 ibi
580 4441 736 4506 inventurn
764 4443 859 4505 docet
886 4439 978 4506 etism
1002 4437 1217 4523 Thucydides,
1241 4439 1294 4523 qui
1319 4439 1466 4518 funebris,

338 4561 407 4623 qus
434 4563 527 4626 suprs
551 4538 696 4615 diximus,
721 4551 753 4604 et
776 4540 909 4604 lronores
925 4537 963 4603 iis
979 4537 1113 4616 habitos,
1139 4537 1248 4624 quiin
1270 4536 1374 4622 primo
1395 4536 1466 4601 belli
