3250 5350
871 478 942 538 Μ
1271 470 1418 553 [Crass.
1435 467 1488 534 ΙΙΙ.
1578 405 1583 428 Ι

312 665 394 739 Cat.
412 676 446 739 2.
480 658 586 730 ΦΙΑΥ
598 708 751 727 .........
761 657 1010 729 ΣΤΑΘΜΟΝ
1041 655 1252 725 ΤΟΥΤΟΝ
1295 659 1490 724 ΧΧ...ΔΔ.

315 796 435 880 ''st-3
471 796 507 865 in
534 793 613 865 Cat.
635 804 671 863 3.
697 788 927 863 ernrntxe.
981 790 1040 863 Ex
1072 791 1128 863 his
1157 790 1325 863 omnibus
1354 791 1490 874 collatis,

310 930 409 1015 patet
442 944 562 995 veram
595 917 785 991 lectionem
820 918 889 989 ioci
921 942 1010 1005 esse,
1047 918 1170 1016 φιάλαι
1198 952 1320 1017 xpum
1347 927 1402 990 111
1431 918 1491 1011 (vd

310 1050 423 1147 τρεισ)
435 1050 591 1131 secondo
606 1051 736 1121 τούτων
751 1042 1124 1129 ΧΧΠΛΔΔΛΗΗ.
1176 1048 1342 1120 Eundem
1369 1070 1489 1121 morem

311 1182 448 1279 ubique
479 1178 624 1253 servari.
679 1176 724 1249 ln
754 1178 938 1275 Catalogis
971 1180 1082 1275 partis
1111 1181 1252 1275 primae,
1282 1184 1379 1253 haud
1406 1181 1489 1253 idem

312 1312 446 1410 ubique
472 1320 527 1385 est
554 1310 735 1383 literarum
769 1333 965 1398 numerus;
991 1313 1028 1385 in
1056 1317 1215 1387 secunda
1240 1324 1343 1409 parte
1369 1314 1490 1410 ubique

312 1452 361 1532 72
378 1443 490 1515 fuisse
508 1442 629 1514 credo.
680 1438 865 1512 Biickhius
881 1449 929 1528 73
948 1439 1075 1538 injicit.
1129 1442 1201 1515 Cui
1217 1464 1290 1513 non
1313 1443 1488 1516 assentior.

313 1570 357 1644 ln
375 1569 471 1642 linea
495 1576 609 1655 sexta,
637 1567 790 1664 exempli
816 1567 945 1665 gratia,
971 1569 1033 1641 ubi
1059 1572 1181 1648 omnia
1202 1571 1240 1643 in
1264 1583 1391 1668 aperto
1407 1581 1490 1655 sunt,

312 1702 381 1775 aiio
414 1701 520 1775 litera
553 1700 652 1799 injici
688 1699 830 1796 nequit.
874 1696 1013 1773 Nescio
1044 1702 1188 1798 quidem
1223 1728 1272 1776 an
1302 1728 1375 1801 ego
1407 1712 1491 1775 recte

313 1832 460 1909 fecerim
489 1832 553 1927 qui
584 1833 696 1906 verbo
725 1833 991 1930 ᾰπορραντήριον
1019 1837 1199 1931 duplicem
1226 1871 1248 1934 ρ
1274 1840 1333 1929 (ut
1362 1845 1492 1933 septua-

311 1963 415 2060 ginta
433 1983 514 2032 cum
532 1959 674 2032 duobus
689 1957 800 2031 literis
817 1958 1013 2054 efficerem)
1029 1962 1227 2036 tribuerim.
1267 1961 1369 2035 infra
1384 1971 1491 2034 auten

312 2092 467 2191 legimus
494 2090 534 2182 ἐξ
559 2086 594 2174 ἦς
618 2090 884 2187 ἆπορραὶνονπαι.
924 2088 1017 2179 Quae
1042 2103 1246 2185 sequuntur
1269 2103 1367 2165 notae
1388 2094 1432 2164 nd
1446 2113 1492 2163 se·

313 2222 468 2295 cundum
486 2228 623 2314 partem
642 2226 764 2313 utpote
784 2218 902 2290 minus
921 2218 1080 2291 mutilam
1097 2221 1293 2314 pertinent.

389 2349 431 2426 L.
452 2366 485 2424 2.
522 2352 602 2426 Τοῖς
622 2355 763 2433 Ταμὶαις
793 2345 984 2454 Πυθοδώρῳ.
1031 2349 1123 2439 Quis
1156 2374 1203 2423 ex
1236 2354 1360 2424 decem
1394 2351 1493 2440 Qnoe·

313 2484 470 2558 storibus
495 2504 571 2577 prae
603 2480 744 2555 caeteris
772 2481 1031 2567 nominaretur,
1064 2482 1159 2554 haud
1194 2482 1360 2579 expedio.
1408 2482 1492 2554 Cum

313 2628 435 2691 autern
453 2637 500 2686 ex
517 2610 772 2707 inscriptione¹
797 2634 906 2707 supra
923 2610 1051 2706 posita,
1070 2610 1232 2684 ordinem
1252 2612 1492 2711 Prytaniarun

313 2743 506 2843 quotannis
539 2743 666 2813 mutari
702 2753 854 2825 constet,
885 2741 943 2813 ilie
973 2742 1094 2814 forsan
1125 2767 1267 2839 semper
1300 2745 1494 2816 nominatur

311 2875 417 2970 cujus
434 2866 548 2941 tribus
576 2889 621 2939 eo
642 2889 738 2937 anno
755 2865 872 2961 prima
896 2865 1022 2938 ordine
1040 2877 1144 2940 esset.
1196 2868 1255 2940 Ex
1278 2868 1338 2940 iila
1357 2889 1494 2964 quoque

168 3011 193 3018 ”
312 2995 547 3095 inscriptione
574 3019 616 3068 ea
635 3019 719 3092 quae
738 2995 928 3068 Osannus²
965 2996 1023 3068 hic
1048 3021 1180 3096 magno
1197 3022 1308 3093 opere
1335 3000 1380 3071 de
1395 2998 1495 3089 Quae·

313 3143 449 3206 storum
467 3128 593 3202 ordine
610 3127 804 3222 scripserit,
824 3126 931 3199 nauci
949 3129 1130 3199 esse'satis
1147 3138 1255 3222 patet.

391 3262 434 3336 L.
451 3273 484 3334 5.
519 3257 763 3354 ‘Ezaropsrdip
807 3259 905 3332 Huic
931 3258 1010 3331 voci
1037 3283 1137 3332 suam
1164 3261 1419 3355 aspirationem
1443 3259 1497 3331 tri·

316 3395 390 3482 bui,
407 3367 556 3467 cum'ita
572 3391 786 3488 plerumque
808 3389 941 3462 factum
958 3388 996 3461 in
1017 3389 1071 3461 his
1090 3391 1327 3463 marmoribus
1355 3391 1496 3473 videam,

315 3525 428 3621 idque
441 3521 537 3594 ratio
553 3521 736 3594 literarum
763 3521 930 3617 patiatur.
984 3522 1153 3594 Attamen
1180 3520 1275 3592 infra
1294 3521 1331 3616 (i.
1350 3525 1427 3615 20.)
1447 3527 1499 3592 aut
1584 3552 1585 3583 r

316 3650 505 3748 sculptoris
521 3660 585 3722 aut
602 3649 798 3722 Chandleri
816 3674 939 3722 errore
957 3651 1060 3721 deest
1082 3649 1237 3744 spiritus.

395 3783 439 3857 L.
453 3779 490 3855 6.
533 3784 635 3880 Κόρη.
684 3783 913 3878 Proserpina,
953 3784 981 3853 si
1015 3781 1223 3856 Chandiero
1260 3785 1400 3871 credis;
1449 3783 1501 3856 sed

315 3915 501 3993 'B'dckhius
526 3938 675 4010 popam,
702 3914 759 3987 vel
785 3913 937 4011 figuram
966 3919 1065 3999 Νίκης
1090 3938 1170 3988 esse
1194 3924 1307 4010 putat.
1584 3876 1585 3963 i

358 4191 440 4250 1Cl.
464 4205 518 4246 111.
558 4187 633 4246 Sect.
648 4205 672 4244 1.
718 4187 806 4245 inser.
824 4204 887 4242 v11.
937 4182 1037 4259 protuli
1058 4185 1235 4255 sententiam,
1256 4186 1408 4245 coufirmat
1422 4186 1506 4245 Corsi-

319 4293 353 4348 in
379 4287 427 4344 illo
455 4285 515 4343 loco
545 4283 649 4345 calami
682 4284 762 4358 lapsu
791 4284 888 4340 “ordo
937 4303 988 4342 nus
1002 4286 1030 4341 in
1044 4287 1155 4360 egregia
1167 4286 1353 4359 disputatione
1365 4284 1506 4348 F.A.T.l.

317 4381 458 4444 tribuum”
490 4379 560 4450 dixi,
595 4380 641 4436 ubi
675 4379 754 4436 debui
782 4380 887 4438 “ordo
939 4382 1082 4442 Discus.

319 4479 543 4561 Prytaniarum.”
583 4479 678 4547 Quam
700 4479 728 4534 in
755 4476 803 4536 illo
827 4477 888 4538 ioco
979 4478 993 4506 ²
1014 4479 1047 4539 P.
1061 4475 1174 4550 64,65.
