3250 5350
573 523 922 574 rnousoosrsru.
1289 499 1364 574 lxix

167 679 327 754 recentis
348 691 435 752 sunt
456 677 538 766 avi,
570 689 735 776 tempore
758 703 809 754 sc.
833 678 1000 776 Trajani,
1034 677 1211 752 Hadriani
1234 689 1274 752 et
1299 677 1364 752 im·

166 823 379 906 peratorum
407 811 650 905 sequentium,
676 811 845 884 marmori
872 811 1079 884 commisse.
1135 810 1220 884 Nec
1236 811 1365 886 dubito

166 942 257 1036 quin
277 939 401 1034 plures
422 938 505 1012 libri
528 939 599 1012 sint
616 941 779 1038 ejusdem
803 940 933 1014 farinae
955 963 1110 1036 quorum
1128 952 1250 1016 tamen
1267 941 1365 1016 nullu

167 1070 299 1145 notitia
317 1067 404 1142 mibi
431 1069 583 1166 contigit
594 1067 617 1140 ¹.
669 1069 844 1142 Coruinus
862 1069 973 1141 multa
998 1070 1045 1142 de
1073 1070 1366 1165 inscriptionibus

169 1203 205 1272 in
218 1199 365 1294 scriptis
380 1199 465 1282 suis,
483 1198 683 1294 praesertim
699 1199 736 1271 in
747 1198 867 1272 Fastis
885 1198 1028 1288 Atticis,
1038 1199 1190 1298 egregie
1207 1201 1365 1296 disputa·

168 1332 239 1417 rit;
264 1331 401 1404 nullam
413 1339 534 1402 autern
547 1329 832 1425 Inscriptionum
844 1327 1017 1426 Syllogen
1031 1333 1221 1427 (quantum
1236 1332 1364 1424 sciam)

169 1463 298 1547 edidit,
325 1471 460 1558 praeter
476 1460 634 1536 libellum
653 1459 712 1534 cui
735 1460 861 1534 titulus
883 1459 1179 1558 “Inscriptiones
1195 1464 1329 1538 Atticas
1344 1488 1368 1537 e

171 1587 318 1664 Maffeii
340 1587 482 1661 schedis
508 1587 650 1660 editoe''
679 1585 793 1681 (Flos.
817 1588 944 1678 17⁵2),
968 1588 1005 1659 in
1037 1613 1111 1686 quo
1133 1592 1247 1690 magis
1274 1593 1367 1666 anti·

171 1716 373 1813 quitatibus
391 1715 521 1790 Atticis
540 1737 647 1811 quam
665 1711 718 1786 rei
734 1711 1045 1812 Paloeogrupbicoe
1063 1716 1238 1791 incubuit.
1267 1717 1368 1807 Quas

172 1847 320 1942 quidem
342 1845 382 1916 in
407 1844 468 1916 illo
490 1842 612 1916 libello
629 1841 743 1914 edidit
759 1840 1024 1937 inscriptiones,
1051 1868 1177 1918 omnes
1202 1857 1368 1920 rcccntcs

169 1985 269 2048 sunt.
305 1970 483 2046 Corsinus
501 1970 645 2066 quidem
665 1971 777 2068 longe
794 1994 905 2066 supra
921 1995 1019 2046 meas
1034 1973 1158 2048 laudes
1175 1997 1368 2072 meumque

171 2106 395 2202 vituperium
423 2094 560 2200 positui
589 2115 665 2190 est3
691 2111 728 2174 at
754 2103 981 2190 eonomine,
1006 2105 1221 2202 mejudice,
1246 2130 1368 2204 repre·

173 2239 393 2312 hendendus
408 2237 520 2322 venit,
548 2237 644 2332 quod
660 2235 765 2310 nimis
781 2235 888 2310 facile
903 2235 1153 2332 inscriptiones
1167 2261 1234 2334 pro
1248 2261 1367 2336 genu·

171 2371 245 2442 iuis
271 2369 443 2442 babuerit
472 2379 510 2441 et
526 2367 729 2442 venditlrit.
781 2367 1057 2456 Bartbelemius,
1083 2371 1147 2463 qui
1178 2371 1309 2442 multus
1329 2372 1367 2442 in

171 2497 246 2568 hoc
268 2514 407 2591 genere
436 2503 526 2576 crat,
550 2515 633 2566 suas
656 2495 702 2568 de
731 2493 1025 2587 inscriptionibus
1049 2493 1311 2588 disputationes
1329 2497 1368 2567 in

171 2626 281 2701 Actis
299 2623 412 2697 Acad.
431 2623 548 2697 lnscr.
573 2622 788 2720 plerumque
814 2621 939 2710 edidit,
965 2623 1004 2695 in'
1035 2645 1110 2720 quo
1126 2645 1236 2719 opere
1260 2624 1370 2699 muln

171 2753 384 2852 hujusmodi
401 2752 472 2826 alia
489 2752 623 2825 Lector
639 2754 807 2849 reperiet.

252 2886 338 2959 Jam
377 2897 541 2981 superest
592 2886 699 2982 opelli
749 2886 818 2958 mei
868 2910 951 2982 pars
999 2886 1110 2983 longe
1154 2884 1370 2985 gratissimo,

175 3018 319 3093 scilicet
342 3028 384 3089 ut
408 3039 603 3090 memorem
630 3018 758 3113 quenti
789 3016 987 3114 qualesque
1012 3018 1081 3090 viri
1107 3040 1165 3090 ure
1191 3028 1258 3089 aut
1282 3012 1380 3092 con?
1438 3112 1442 3123 Ι

173 3152 271 3238 silio,
304 3160 369 3222 sut
409 3148 623 3223 auctoritate
657 3148 872 3247 adjurdrinr,
907 3174 930 3222 e
962 3150 1105 3222 scbedis
1145 3148 1220 3221 suis
1252 3150 1372 3244 operis

175 3280 369 3355 materiem
386 3278 662 3375 suppeditbrint,
687 3289 727 3350 et
748 3280 904 3376 denique
920 3279 1092 3353 librorum
1111 3300 1179 3351 noc
1199 3278 1239 3350 in
1263 3272 1372 3351 bibli·

175 3414 320 3489 otbecis
352 3410 517 3508 publicis,
553 3432 622 3483 nec
659 3411 755 3505 apud
786 3410 998 3505 bibliopolas
1031 3410 1230 3483 extantium
1267 3433 1371 3482 usum

176 3540 445 3619 humanissime
468 3542 556 3613 mibi
579 3542 836 3615 concesserint.
888 3541 928 3615 Si
950 3541 1082 3613 nullom
1101 3542 1248 3637 quidem
1264 3534 1371 3615 aliam

177 3673 402 3766 voluptatem
440 3667 525 3740 mibi
558 3668 732 3741 attulisset
761 3668 912 3765 hujusce
938 3666 1020 3740 libri
1053 3667 1248 3757 confectio,
1280 3672 1374 3742 banc

176 3796 351 3894 proiecto
374 3795 565 3868 maximam
581 3795 760 3869 attulisset
778 3809 818 3869 ut
843 3796 1079 3895 intelligerem
1099 3806 1236 3892 quanto
1251 3816 1374 3869 umore

178 3926 297 4025 digua
321 3924 369 3997 sit
397 3946 524 3998 eonrm
551 3926 804 3999 benevolentia
830 3949 986 4023 quorum
1016 3927 1181 4001 doctrina
1209 3924 1375 3999 omnibus

180 4066 239 4129 est
266 4057 306 4128 in
329 4076 406 4129 ore.
457 4054 641 4144 Quantum
665 4078 738 4153 ego
759 4054 975 4129 Coclrerellii
997 4066 1037 4127 et
1061 4054 1188 4129 lesbii
1210 4052 1376 4127 bomani·

179 4186 248 4259 tuti
279 4186 448 4272 debeam,
478 4208 525 4257 ex
556 4185 634 4280 ipso
665 4208 775 4280 opere
812 4186 960 4282 patebit
1030 4184 1097 4259 lile
1117 4182 1266 4276 ¹scilioot
1302 4183 1376 4257 duo

223 4376 233 4408 ¹
257 4378 432 4436 Passioneius
464 4376 566 4433 librum
593 4376 638 4433 eui
663 4374 759 4435 titulus
809 4377 900 4436 nesin
915 4376 1064 4453 spicilegio
1074 4376 1256 4454 Antiquitatis
1265 4376 1377 4453 (Colon.

182 4474 358 4532 “iscrizioni
371 4473 517 4533 Antiche''
543 4472 642 4548 (Lucae
659 4470 760 4549 176³.)
809 4472 1020 4549 Brundeburgb.
1037 4468 1138 4545 1692.)

183 4570 283 4644 edidit,
305 4570 430 4644 Bsgsrus
445 4570 581 4648 quasdam
604 4568 759 4644 inscriptio·
