3250 5350
879 512 948 574 130
1265 505 1414 592 [Cnass.
1438 505 1510 571 lll.

314 671 444 748 mu'uus
476 676 572 774 quod
608 689 762 773 quatuor
792 703 908 752 annos
942 677 1106 752 duravit¹
1142 690 1222 775 post
1256 679 1513 752 Panathenaea

314 789 494 881 celebrata
520 834 702 906 accepere.
756 812 829 884 Sed
851 813 936 909 lege
962 823 1104 886 cautum
1130 824 1210 886 erat
1232 823 1271 885 ut
1293 813 1512 911 quicunque

315 943 570 1038 rempublicam
604 944 798 1043 attigerint,
827 945 986 1019 muneris
1021 947 1158 1042 peracti
1193 947 1369 1018 rationem
1411 945 1512 1018 intra

315 1070 463 1168 triginta
491 1059 630 1144 dierum
657 1072 811 1168 spatium
836 1074 1028 1146 redderent
1038 1074 1064 1144 ⁹.
1117 1071 1223 1146 Nihil
1244 1083 1367 1144 autem
1385 1071 1513 1144 notius

249 1185 253 1192 ’
317 1227 423 1301 quum
458 1204 687 1303 magistratus
721 1206 962 1278 Athenienses
993 1229 1090 1302 saepe
1120 1229 1143 1278 e
1172 1230 1236 1278 sna
1271 1230 1311 1277 re
1343 1203 1514 1277 familiari

320 1337 508 1435 pecuniam
538 1362 610 1434 qua
637 1364 730 1435 opus
758 1350 836 1412 erat
858 1341 904 1411 ad
934 1362 1064 1411 munus
1092 1337 1314 1422 obeundum,
1340 1335 1377 1407 in
1407 1343 1514 1406 ante·

321 1492 460 1542 cessum
495 1469 647 1556 dedisse,
682 1493 803 1566 quam,
838 1469 866 1541 si
900 1469 1058 1541 rationes
1090 1477 1188 1540 recte
1223 1465 1459 1554 reddiderint,
1493 1489 1516 1536 u

322 1598 507 1696 republica
541 1608 664 1695 postea
694 1621 871 1696 accepere
883 1598 906 1670 ³.
959 1597 999 1670 Si
1034 1621 1123 1696 crgo
1152 1596 1190 1668 bi
1223 1596 1447 1669 Atblotheua
1477 1594 1514 1668 in

321 1759 425 1808 usum
464 1733 790 1807 Panatbcnaeorum
824 1732 987 1829 quinque
1020 1731 1155 1804 talenta
1194 1740 1231 1804 et
1259 1730 1359 1803 mille
1384 1730 1517 1801 drach-

324 1893 460 1943 marum
488 1868 525 1939 in
553 1875 776 1941 antecessum
804 1875 1065 1953 numerassent,
1090 1866 1248 1938 secunda
1275 1864 1518 1961 proculdubio

322 2000 496 2099 Prytanis
538 2023 614 2072 eam
650 1997 840 2094 pecuniam
880 2019 901 2067 e
936 1995 1120 2093 republica
1157 1993 1393 2090 accepissent,
1431 2017 1516 2066 cum

322 2132 384 2204 illo
419 2132 563 2202 demum
601 2139 764 2222 tempore
800 2127 958 2199 rationes
993 2126 1168 2201 reddituri
1200 2136 1331 2199 essent
1394 2124 1518 2198 Multa

325 2267 371 2338 de
408 2265 596 2370 Ἱεροποιοῖς
639 2261 904 2334 Bartbelemius
939 2272 976 2336 et
1013 2260 1209 2349 Biiclrbius,
1251 2283 1404 2357 qnorum
1445 2259 1519 2332 dis-

326 2394 520 2494 putationis
553 2396 632 2466 baec
667 2404 722 2466 est
756 2417 903 2465 summa.
963 2380 1136 2491 ‘leporowl
1170 2391 1230 2462 bic
1263 2388 1335 2461 καίν’
1368 2389 1520 2460 ἐνιαυτὸν

325 2532 506 2616 dicuntur,
545 2553 591 2600 ne
626 2551 706 2599 cum
743 2525 822 2599 aliis
856 2525 1017 2625 ejusdem
1054 2523 1208 2596 nominis
1250 2520 1519 2619 magistratibus

326 2663 606 2750 confundantur,
638 2662 700 2755 qui
738 2659 948 2747 Ἐπιμὴνιοι*
989 2658 1107 2735 vocati
1148 2666 1244 2742 sunt,
1265 2681 1385 2730 ⁴cum.
1407 2653 1520 2728 sacris

327 2820 409 2889 quae
428 2793 604 2889 cujusque
630 2790 760 2863 mensis
783 2790 886 2862 initio
903 2790 998 2863 sacta
1021 2801 1105 2863 sunt
1128 2788 1375 2885 praesiderent.
1423 2785 1522 2857 Cum

328 2921 571 2993 Hecatombe·
615 2920 771 3015 pretinm
816 2921 874 2992 bic
916 2922 1103 3019 ’lepororolr
1143 2928 1365 3004 numeretur,
1391 2918 1523 2989 eodem

330 3074 479 3126 munere
512 3076 556 3123 ac
597 3054 743 3128 Boutae⁵
772 3052 887 3125 functi
905 3081 910 3093 ·
926 3077 1004 3126 esse
1039 3051 1218 3125 videntur.
1281 3050 1453 3122 Attamen
1492 3046 1525 3120 si

331 3182 560 3256 Aristotelem
578 3182 624 3253 ab
646 3180 888 3281 Etymologici
913 3194 1060 3255 auctore
1083 3183 1297 3254 advocatum
1320 3179 1527 3265 audiamus,

331 3316 419 3391 nibil
454 3329 531 3391 erat
562 3318 750 3414 Ἰεροποιοῖς
784 3342 865 3417 cum
901 3314 1168 3390 Panathenaeis.
1220 3314 1360 3387 Forsan
1398 3323 1528 3387 autem

255 3429 258 3437 ¹
333 3459 414 3546 post
447 3448 557 3522 nostri
594 3450 779 3524 marmoris
813 3458 953 3522 aetutem
986 3446 1136 3520 mutatio
1168 3447 1290 3545 aliqua
1321 3446 1420 3518 facta
1455 3456 1531 3517 est.

333 3580 557 3651 Hecatombe
593 3582 829 3675 proculdubio
862 3605 944 3678 quae
979 3580 1037 3653 hic
1067 3579 1231 3652 innuitur
1264 3603 1338 3652 non
1374 3577 1443 3649 nisi
1476 3578 1532 3652 a'd

335 3705 583 3781 Panathenaea
611 3708 737 3782 referri
765 3722 891 3807 potest.
943 3710 1028 3785 Una
1057 3708 1152 3782 enim
1183 3732 1264 3782 cum
1291 3709 1536 3798 Atblotbetis,

335 3837 396 3939 qui
434 3840 480 3911 ed
523 3839 769 3915 Panathenaea
806 3842 882 3915 sola
925 3841 1145 3939 pertinuere,
1189 3848 1420 3913 memoratur.
1489 3838 1534 3911 Si

331 3998 424 4074 ergo
465 3973 501 4045 in
542 3970 611 4045 ulia
650 3998 752 4048 sacra
792 3986 912 4072 empta
950 3975 1089 4062 fuisset,
1127 3972 1364 4070 proculdubio
1399 3995 1537 4045 eorum

374 4200 449 4258 ¹Cl.
462 4198 531 4257 Poll.
544 4218 621 4258 vm.
642 4220 669 4259 c.
683 4207 711 4269 9.
731 4206 754 4275 ἦ.
771 4209 819 4271 87.
953 4208 976 4275 ξ.
1005 4211 1072 4273 107,
1101 4212 1132 4262 et
1168 4205 1235 4261 114.
1271 4209 1301 4257 et
1330 4198 1540 4257 doctissimum

373 4297 385 4327 ¹
405 4294 663 4354 eunomiam.
678 4298 761 4355 Tem.
775 4298 799 4355 l.
814 4317 842 4371 p.
853 4304 904 4361 35.
957 4299 1089 4356 Kreuzeri
1098 4316 1166 4372 opus
1181 4293 1404 4372 Symbnlikdv.
1419 4312 1446 4369 p.
1459 4297 1542 4351 518.

373 4392 385 4423 ⁸
407 4390 453 4449 Cf.
469 4392 553 4449 Dem.
568 4394 601 4449 de
616 4392 683 4451 Cor.
698 4412 725 4467 p.
741 4392 809 4452 266.
996 4394 1008 4425 ⁶
1028 4393 1156 4469 Harpoc.
1171 4399 1199 4448 et
1217 4389 1296 4450 Suid.
1314 4387 1343 4445 iu
1357 4407 1428 4446 voce
1443 4387 1545 4447 Deru.

374 4483 385 4514 ⁴
406 4483 451 4540 Cf.
474 4484 601 4560 Hesych.
625 4504 686 4544 voc.
707 4488 812 4565 ‘lapara
831 4487 906 4545 Seld.
956 4491 985 4547 in
1000 4489 1071 4546 ulid.
1094 4510 1122 4564 p.
1137 4485 1206 4545 680.
1221 4486 1256 4542 E.
1277 4483 1392 4559 Ulpian.
1405 4484 1443 4544 ib.
1457 4481 1546 4543 686.

334 4578 445 4637 addec.
467 4576 580 4652 Smym.
605 4579 709 4635 blarm.
733 4579 828 4638 Oxon,
850 4584 906 4655 (ed.
958 4585 1056 4642 Liban.
1084 4583 1214 4642 Declam.
1237 4598 1317 4639 vm.
1361 4580 1431 4640 Lex.
1468 4580 1549 4655 Seg.

335 4676 443 4751 alain.)
465 4692 493 4748 p.
521 4670 586 4732 165.
630 4673 700 4734 Poll.
725 4692 801 4736 vrrr.
828 4699 852 4738 e.
879 4700 906 4753 g.
957 4698 983 4753 p.
998 4685 1067 4746 219.
1165 4668 1169 4673 ¹
1351 4662 1355 4667 ¹
