3250 5350
243 501 342 574 lxviii
662 527 1010 578 rnonnoousus.

250 680 463 778 scriptiones
482 684 646 758 metricus
662 683 824 758 Herodis
838 685 949 758 Attici
968 683 1006 755 in
1030 681 1166 755 Museo
1189 663 1444 778 Borg'lrcsiano

251 821 413 884 extantes
449 813 594 885 edidere
628 812 820 886 Salmasius
854 809 1149 906 (Paris.1619.),
1185 809 1372 883 Manillius
1403 809 1443 880 in

251 941 431 1038 Descript.
477 942 557 1016 Vill.
597 944 778 1042 Burghes.
817 943 940 1036 (Rom.
976 940 1115 1031 16⁵0.),
1158 938 1366 1009 Viscontius
1404 936 1442 1006 in

249 1068 342 1140 libro
376 1071 597 1144 “Iscrizioni
630 1073 777 1145 Grecbe
811 1072 1013 1167 Triopee”
1046 1071 1174 1165 (Rom.
1204 1069 1340 1159 1794).
1385 1066 1443 1139 Ex

249 1193 306 1264 bis
341 1195 492 1291 primam
525 1197 713 1268 ediderant
740 1221 886 1294 quoque
918 1198 1106 1271 Mosellius
1141 1195 1270 1290 (Paris.
1305 1191 1443 1284 1607.),

250 1321 488 1396 Casaubonus
525 1325 601 1420 (De
634 1326 748 1423 Satyr.
787 1326 895 1401 Poes.
935 1329 1050 1402 Paris.
1083 1325 1205 1419 1609.)
1276 1327 1444 1422 Utmque

249 1475 400 1548 quoque
424 1456 522 1550 apud
552 1454 728 1550 Sponium
756 1458 791 1528 in
823 1456 1069 1530 Miscellaneis
1092 1470 1129 1531 et
1152 1457 1375 1530 Brunckium
1403 1457 1443 1528 in

251 1579 437 1654 Analectis
458 1591 566 1654 extat.
618 1577 756 1656 Nescio
781 1609 855 1680 quo
876 1596 983 1680 pacto
1008 1587 1228 1672 factumest,
1254 1596 1295 1657 nt
1320 1584 1444 1658 Sicilia

251 1709 361 1780 tantis
390 1720 573 1782 tantorum
602 1711 760 1784 virorum
794 1713 978 1786 laboribus
1008 1715 1256 1790 illustraretur.
1307 1717 1444 1790 Goltzii

252 1839 299 1910 de
322 1840 475 1910 nummis
498 1841 627 1914 Siculis
652 1865 742 1938 opus
766 1853 881 1915 taceo.
933 1844 1191 1918 Gualtberius¹
1219 1847 1355 1941 primus
1387 1848 1444 1919 Si·

253 1970 371 2044 ciliam
388 1972 565 2059 lustravit,
592 1974 703 2047 multa
720 1975 983 2072 epigrammata
1004 1977 1193 2072 exscripsit
1218 1989 1256 2050 et
1276 1977 1312 2050 in
1335 2003 1446 2073 opere

254 2105 313 2177 cui
344 2102 481 2190 titulus,
518 2101 687 2177 “Siciliae
717 2115 755 2176 et
779 2105 1021 2202 objacentium
1052 2105 1256 2178 insularum
1284 2107 1446 2202 antiquo.³

253 2235 422 2318 tabulae‚”
443 2235 627 2308 Messanae
649 2257 724 2308 ms.
746 2231 852 2306 1624.
869 2233 991 2306 edidit.
1033 2234 1165 2330 Longo
1183 2244 1266 2330 post
1283 2242 1445 2329 tempore

256 2364 450 2440 D'Orsillii
468 2364 610 2449 librum,
630 2360 787 2438 “Sicula
812 2363 944 2459 quibus
961 2347 1237 2440 Sicilioe'seten's
1255 2369 1387 2440 rudera
1400 2367 1445 2440 il·

252 2498 485 2582 lustrantur,'’
512 2497 777 2570 Amstelodaemi
808 2493 1017 2584 s.s.‚1764.
1049 2496 1162 2568 edidit
1190 2494 1321 2569 Petrus
1353 2497 1447 2568 Bur·

255 2651 410 2703 mannus
444 2627 508 2727 qui
537 2628 665 2701 multas
699 2637 802 2701 notas
838 2625 1152 2725 Palaeograpbicas
1190 2627 1237 2699 de
1274 2625 1447 2703 Nummis

256 2762 470 2859 quibusdam
495 2760 652 2854 antiquis
677 2768 714 2828 ct
737 2756 1032 2851 inscriptionibus
1054 2782 1191 2853 epenu
1213 2782 1280 2831 sua
1300 2759 1448 2831 addidit.

257 2892 394 2967 Postea
418 2887 676 2960 illustrissimus
701 2885 761 2957 ille
777 2895 888 2980 atque
904 2884 1130 2959 doctissimos
1156 2887 1331 2982 Princeps
1347 2888 1447 2961 'Por-

256 3018 423 3095 remutiae
441 3016 691 3112 inscriptiones
713 3012 971 3089 Palermitanas
992 3018 1186 3090 vernacula
1208 3018 1336 3116 lingua
1352 3016 1448 3089 Pan·

259 3150 351 3223 ormi
370 3144 477 3235 1762,
502 3155 539 3218 et
562 3144 695 3219 deinde
718 3144 886 3218 “Siciliae
910 3145 1088 3219 universoe
1116 3156 1154 3218 et
1175 3146 1370 3219 insularum
1391 3146 1449 3217 iu·

260 3279 475 3376 scriptiones
485 3284 507 3310 ’³
543 3277 669 3348 eodem
700 3276 792 3362 loco,
829 3299 926 3349 anno
954 3285 1073 3349 autem
1104 3275 1211 3365 1769,
1249 3279 1329 3372 (qui
1357 3278 1451 3351 liber
1563 3368 1567 3373 1

260 3408 401 3482 auctior
417 3429 514 3479 anno
536 3416 630 3493 1784
650 3406 776 3478 iterum
795 3406 942 3502 prodiit)
958 3406 1150 3503 evulgavit.
1201 3408 1244 3479 ln
1261 3407 1450 3503 posteriori

260 3537 353 3610 libro
375 3534 500 3606 insunt
524 3533 645 3605 multre
667 3531 918 3630 inscriptiones
942 3534 1083 3607 Graecae
1100 3537 1147 3605 ad
1165 3535 1451 3608 Siculo-Doricos

263 3662 438 3737 dialectus
461 3660 707 3757 cognitionem
725 3661 829 3735 valde
855 3661 973 3748 utiles,
1000 3671 1036 3734 et
1061 3662 1092 3733 si
1114 3685 1221 3734 unam
1239 3686 1319 3735 eum
1337 3663 1453 3737 altera

191 3782 195 3793 ¹
262 3792 430 3890 excipias,
457 3792 554 3864 baud
580 3791 671 3862 male
696 3792 813 3865 editae.

338 3940 449 4013 Anno
481 3934 589 4023 1698,
613 3935 787 4031 -ijecti
817 3937 861 4007 ad
895 3936 1077 4018 Rhenum,
1112 3938 1229 4031 editus
1261 3949 1318 4010 est
1345 3929 1454 4026 liber}

191 4144 194 4151 ,
265 4066 562 4164 “Inscriptiones
596 4066 736 4139 Graecae
761 4067 1055 4162 Palmyrenorum
1094 4090 1175 4137 cum
1205 4067 1349 4142 scholiis
1381 4066 1452 4166 Ed.

266 4188 442 4263 Bernardi
474 4202 512 4265 et
545 4187 702 4264 Thomas
734 4190 900 4263 Smitbi.'’
950 4192 1022 4266 Hae
1056 4193 1305 4288 inscriptiones
1327 4218 1457 4269 omnes

307 4447 316 4477 ¹
338 4446 384 4507 Dc
398 4450 563 4510 Gualtherio
577 4451 613 4509 cf.
629 4454 763 4511 Burman.
780 4454 865 4513 Prael.
876 4455 911 4512 ad
922 4456 1007 4515 Tom.
1023 4474 1070 4515 vr.
1102 4459 1239 4518 Thesaur.
1254 4459 1310 4517 Sic.
1322 4481 1351 4536 p.
1367 4471 1394 4520 1.
1408 4461 1457 4519 sel

672 4546 812 4607 D'Orvill.
829 4550 913 4609 Sicul.
928 4570 955 4624 p.
970 4556 1039 4611 21³.
