3250 5350
182 532 311 603 lusca.
336 525 448 612 v111.]
739 523 809 601 16³

180 707 280 781 intra
310 709 425 782 aedem
460 706 637 781 conclusis
670 707 827 782 interdiu
865 708 1155 782 commorabatur
1164 705 1187 780 ¹.
1255 704 1373 805 Igitur

180 862 256 911 non
283 849 421 911 tantum
454 836 629 911 Pandrosi
659 841 738 912 haec
770 849 848 912 erut
874 839 976 928 cella,
1003 863 1087 937 quoe
1116 838 1213 910 inter
1238 834 1372 933 primas

177 969 296 1044 fertur
339 994 523 1044 sacrorum
563 995 686 1044 eorum
725 971 914 1059 antistites,
941 971 1003 1045 sed
1047 971 1151 1043 etiam
1196 967 1369 1053 omnium,

178 1123 263 1195 quae
297 1101 335 1172 id
370 1123 500 1174 munus
534 1103 581 1175 ab
615 1125 659 1175 ea
691 1113 921 1199 exceperant,
954 1101 1137 1175 conclave.
1207 1097 1291 1170 Hac
1325 1097 1372 1169 de

176 1253 289 1302 causa
321 1232 439 1327 paries
471 1230 668 1307 Pandrosei
703 1244 927 1308 smeslrutus
961 1243 1063 1306 erat:
1095 1232 1192 1328 quod
1221 1230 1260 1302 in
1293 1229 1372 1302 aede

176 1363 329 1435 deorum
356 1373 495 1438 tantum
522 1367 706 1442 domicilio
730 1369 850 1441 dicata
875 1367 952 1440 fieri
978 1365 1141 1462 potuisse
1166 1369 1370 1462 pernego.”

255 1495 419 1568 “Restat
462 1519 570 1592 quam
614 1497 784 1568 adeamus
817 1499 985 1590 porticus
1025 1497 1147 1572 minor
1188 1495 1372 1594 crepidine

173 1626 310 1715 cincta,
349 1628 408 1700 cui
451 1651 516 1700 sex
553 1627 730 1724 impositae
748 1672 754 1680 ·
770 1625 984 1728 Caryatides
1019 1641 1153 1703 tectum
1191 1629 1371 1726 lapideum

175 1765 369 1837 sustinent.
421 1763 470 1837 Et
484 1765 564 1837 hoec
581 1765 689 1860 plene
710 1773 787 1837 erat
802 1765 980 1864 religione
999 1775 1036 1838 et
1054 1767 1173 1840 sacris.
1225 1763 1371 1859 Quippe

175 1903 295 1974 inerat
318 1901 472 1998 primum
490 1901 569 1974 olea
593 1925 713 1988 socru,
741 1901 922 2000 udyxvpoe
939 1902 1048 1986 dicta,
1072 1903 1158 2000 quia
1174 1902 1211 1973 in
1229 1912 1370 1974 arctum
1446 1951 1450 1965 ·

176 2033 350 2106 conclusa
383 2033 483 2106 humi
519 2033 633 2132 magis
672 2035 840 2128 serpebat
883 2057 991 2129 quam
1032 2034 1142 2106 altum
1185 2032 1369 2129 petebut⁹.

178 2162 340 2236 AEterne
368 2164 575 2261 putabatur,
604 2163 741 2236 scilicet
769 2163 855 2261 quia
886 2163 924 2236 iu
954 2165 1074 2237 locum
1106 2163 1225 2258 stirpis
1256 2187 1370 2236 emor·

176 2305 251 2368 tuae
279 2296 350 2368 alia
384 2297 456 2369 cito
483 2296 706 2368 subdebatur
732 2319 777 2368 ex
805 2294 946 2367 olivetis
974 2295 1114 2376 saeris„
1149 2291 1210 2366 De
1239 2293 1371 2390 quibus

176 2426 320 2502 olivetis
350 2453 432 2500 cum
464 2451 604 2502 errores
638 2429 884 2525 propagarinl,
908 2428 970 2525 qui
1003 2428 1117 2524 copiis
1149 2427 1371 2500 Meursiauis

175 2559 277 2631 haud
307 2561 484 2634 excedere
513 2560 649 2635 solent:
678 2561 860 2656 quomodo
890 2585 947 2633 res
975 2583 1014 2632 se
1044 2560 1185 2644 lrabeat,
1213 2561 1371 2633 breuiter

177 2695 423 2769 indicandum.
475 2698 551 2769 Res
571 2696 666 2769 euim
695 2719 777 2768 non·
796 2695 896 2791 parui
924 2696 1107 2781 momenti,
1134 2694 1267 2791 quippe
1289 2719 1371 2792 quae

175 2830 222 2901 ad
248 2828 324 2903 Jus
348 2854 495 2903 suerum
522 2828 797 2902 Atheniensium
825 2828 1018 2924 pertinet.’'

255 2970 283 2999 “
301 2958 468 3035 Oleaster
498 2961 670 3057 (adverse)
700 2983 805 3056 quem
838 2958 1015 3031 Hercules
1045 2984 1091 3032 ex
1120 2958 1371 3059 Hyperboreis

175 3094 339 3168 attulisse
372 3096 567 3180 ferebatur,
594 3095 732 3167 brumae
764 3103 801 3164 et
828 3070 976 3190 frigoris
1002 3094 1155 3187 patiens,
1182 3095 1282 3166 nullo
1308 3121 1370 3168 cu·

174 3240 281 3302 rante
313 3250 380 3326 per
411 3251 553 3299 omnem
590 3225 784 3309 Graeciam,
810 3223 1010 3321 largissime
1043 3226 1090 3295 ad
1124 3226 1303 3322 Alpheum
1334 3238 1371 3299 et

175 3360 297 3431 sinum
330 3358 555 3442 Saronicum,
588 3358 835 3457 proveniebat.
889 3355 1028 3428 Contra
1065 3356 1183 3429 oleum
1214 3359 1298 3431 olim
1331 3361 1369 3433 in

176 3489 323 3563 Graecia
355 3513 536 3587 perrarum
571 3489 694 3577 fuisse,
725 3498 867 3561 veteres
906 3487 1137 3560 consentiunt
1149 3487 1172 3559 ³.
1224 3488 1370 3588 Nempe

178 3642 225 3691 ex
255 3618 344 3691 Asia
368 3604 434 3713 per
461 3618 594 3691 insulas
623 3612 730 3688 maris
762 3616 870 3714 AEgei
899 3615 997 3686 illata
1032 3614 1210 3689 videtur*.
1263 3589 1370 3719 Hanc

174 3748 214 3821 in
262 3750 445 3846 plantariis
494 3760 531 3823 et
578 3748 753 3824 viridariis
799 3722 939 3820 summa
978 3743 1167 3844 diligentia
1210 3757 1247 3821 et
1284 3774 1370 3821 cura

176 3891 335 3984 educare
368 3912 515 3961 necesse
547 3898 633 3962 erat.
687 3885 806 3984 Igitur
837 3885 991 3981 populus
1017 3884 1162 3957 Atticus
1189 3897 1368 3972 metuens,
1496 3954 1499 3963 ,

177 4048 228 4095 ne
256 4024 402 4099 oleastri
431 4022 603 4123 contagio
632 4032 798 4119 corrupta
821 3990 965 4095 taudem
983 4021 1235 4121 degeneraret,
1259 4028 1370 4112 atque

220 4281 293 4339 ¹V.
305 4291 331 4342 c.
346 4288 375 4340 2.
389 4300 417 4358 p.
435 4284 482 4339 15.
840 4290 852 4321 ⁴
876 4284 978 4359 Cogita
1004 4283 1038 4337 de
1067 4282 1139 4338 Olea
1167 4298 1248 4337 sacra
1279 4280 1372 4357 Ephe-

803 4382 917 4436 siorum.
956 4378 1046 4434 Tacit.
1062 4380 1137 4433 Ann.
1152 4375 1206 4433 111.
1220 4375 1270 4435 61.
1294 4376 1373 4436 Deli.

803 4496 894 4545 omm,
924 4475 1029 4549 Spnnh.
1042 4475 1077 4529 ad
1091 4472 1166 4530 Call.
1182 4476 1289 4534 Delu.
1303 4474 1372 4535 262.

219 4578 373 4635 ³ldenim
389 4578 489 4636 saltem
504 4575 647 4634 Herodoto
657 4574 692 4633 V.
703 4578 750 4631 82.
805 4570 1033 4627 Salaminiomm.
1058 4569 1154 4645 Eurip.
1173 4570 1277 4631 Troad.
1304 4580 1372 4630 804.

100 4722 102 4727 ,
175 4674 399 4732 concedendum.
804 4666 841 4722 cl.
855 4664 1044 4741 Theophrart.
1059 4666 1134 4727 llist.
1150 4669 1239 4743 plaut.
1255 4671 1308 4727 lV.
1328 4677 1371 4729 14.

217 4432 229 4464 ²
251 4432 362 4489 Meurs.
377 4436 440 4489 Art.
455 4432 518 4489 lect.
533 4432 588 4490 lv,
604 4428 635 4487 6.
