3250 5350
826 453 847 510 2
1184 397 1188 410 ¹
1232 439 1378 525 [Curso.
1403 438 1434 506 1.

315 620 507 718 Inscriptio
525 621 659 718 duplex
675 630 741 694 est.
790 616 947 716 Utrique
960 618 1086 692 eodem
1104 617 1295 705 sententia,
1313 616 1436 714 paullo

241 756 320 830 aliis
353 755 473 829 verbis
507 766 695 850 concepta.
748 753 841 844 Qum
875 753 912 824 in
949 750 1132 824 inferiori¹
1169 751 1297 847 lapidis
1333 761 1436 846 perte

242 893 373 989 scripta
389 901 455 977 est,
474 915 518 963 ea
533 890 716 962 vetustior.
763 887 881 978 Quam
899 885 1020 959 forsan
1039 909 1120 958 cum
1140 885 1252 983 Sigaei
1268 909 1436 959 vereren-

241 1034 301 1095 tur
327 1045 373 1094 ne
399 1031 556 1095 vetustas
580 1021 757 1105 aboleret,
783 1018 932 1091 alteram
956 1019 1182 1093 incidendam
1207 1026 1436 1090 curaverunt.

242 1150 408 1246 Utroque
433 1144 693 1249 βουστροφηδον
716 1148 850 1243 scripta
862 1177 873 1234 ;
905 1147 1100 1234 recentior,
1123 1157 1165 1219 ut
1190 1147 1311 1233 credo,
1338 1145 1437 1240 quod

243 1278 402 1373 sculptor
439 1277 585 1350 alteram
623 1277 757 1350 imitari
794 1275 958 1349 voluerit.
1009 1275 1053 1348 I'n
1092 1287 1248 1371 utraque
1285 1273 1437 1369 inscrip-

151 1482 155 1488 ,
244 1410 340 1481 tione
373 1410 472 1481 dona
510 1409 672 1505 quiedam
706 1433 728 1482 a
760 1406 974 1480 Phanodico
1009 1407 1192 1504 Prytunaei
1230 1405 1436 1503 Sigaeorum

243 1540 282 1614 in
316 1565 421 1613 usum
447 1541 530 1612 data
562 1539 784 1626 recitantur;
812 1540 849 1612 in
880 1537 1067 1612 vetustiori
1095 1563 1212 1634 pauca
1238 1537 1349 1611 verba
1373 1535 1437 1606 ud-

244 1672 391 1761 duntur,
414 1672 544 1769 quibus
561 1697 658 1745 curae
676 1673 878 1770 Sigaeorum
896 1673 990 1744 dona
1009 1675 1234 1761 mandantur,
1257 1694 1438 1765 suumque

244 1826 375 1876 nomen
402 1826 489 1875 saxo
511 1802 669 1898 sculptor
690 1801 827 1875 incidit.
881 1802 1050 1874 “Saxum
1073 1801 1204 1900 ingens
1221 1811 1287 1888 est,
1311 1810 1439 1895 utpote

245 1932 342 2028 quod
378 1954 503 2003 novem
539 1931 669 2026 pedum
706 1932 818 2028 Angl.
854 1932 986 2003 habeat
1017 1932 1293 2030 longitudinem,
1329 1931 1441 2027 paulo

243 2063 324 2162 plus
362 2086 468 2159 quam
499 2059 612 2133 cubiti
639 2060 876 2150 latitudinem,
912 2061 1107 2158 digitorum
1136 2061 1211 2134 ferd
1240 2072 1321 2136 octo
1355 2086 1439 2158 pro-

157 2287 163 2300 ,
244 2192 482 2267 funditatem:
512 2191 650 2290 Figura
672 2202 726 2266 est
750 2192 885 2290 ubique
908 2195 1094 2292 quadrata,
1121 2193 1282 2266 foramen
1302 2195 1441 2266 habens

244 2316 282 2390 in
306 2330 408 2416 parte
431 2319 510 2418 ejus
534 2319 713 2415 superiori
735 2333 960 2404 excavatum,
986 2321 1094 2415 idque
1117 2331 1157 2394 ut
1179 2321 1269 2396 alius
1293 2323 1326 2394 ei
1347 2322 1441 2416 lapis

244 2478 403 2550 superne
432 2454 657 2542 immittatur,
689 2454 839 2553 longum
872 2455 970 2542 satis,
1007 2457 1119 2530 latum
1148 2467 1186 2530 et
1208 2456 1440 2553 profundum.

244 2593 337 2667 Haec
369 2599 457 2666 sero
484 2590 623 2664 fabrica
653 2601 689 2662 et
718 2615 886 2664 mensura
916 2590 1121 2686 planissime
1149 2590 1321 2662 Hermam
1349 2589 1441 2662 indi·
1550 2559 1558 2570 ἱ

245 2733 339 2808 cant,
385 2721 586 2793 Phanodici
622 2720 706 2792 olim
740 2725 951 2793 statuam⁹.''
1003 2722 1150 2795 Hermae
1184 2734 1304 2793 autem
1336 2721 1443 2818 signa

246 2863 349 2927 erant
384 2852 442 2924 vel
473 2850 660 2923 hominum
695 2851 752 2923 vel
783 2850 960 2941 Deorum,
994 2864 1030 2926 et
1061 2854 1234 2950 imprimis
1264 2852 1442 2927 Mercurii

248 2986 363 3085 (unde
384 3007 517 3057 nomen
541 2982 720 3075 ductum),
748 2984 880 3081 quibus
909 2998 1029 3082 caput,
1055 2987 1110 3060 vel
1135 2986 1261 3073 solum,
1287 2987 1346 3061 vel
1371 3010 1444 3059 una

246 3138 327 3188 cum
359 3123 520 3213 pectore,
557 3122 595 3186 et
626 3137 648 3186 e
680 3112 780 3189 varis
817 3118 965 3189 materia
993 3116 1370 3213 (plerumqneantem
1397 3140 1444 3191 ex

246 3250 336 3344 rere)
364 3246 444 3323 lieri
473 3248 620 3321 solebat.
673 3246 831 3321 inferior
858 3272 951 3345 pars,
986 3274 1069 3347 quae
1098 3249 1203 3322 simul
1234 3249 1330 3323 basis
1363 3248 1446 3321 loco

247 3389 336 3467 erat,
359 3378 434 3453 sive
455 3388 595 3468 acutus,
624 3378 698 3452 sive
721 3380 917 3475 quadratus
937 3380 1040 3477 palus
1061 3384 1158 3456 unde
1180 3406 1204 3453 a
1224 3380 1447 3477 Thucydide

248 3517 285 3582 et
309 3508 492 3583 Pausania
514 3538 729 3605 τετραγωνος
755 3511 937 3606 εργασιαθ,
972 3502 999 3581 a
1022 3511 1236 3609 duvenaldi
1259 3509 1444 3583 “munel'’

287 3706 297 3737 ¹
320 3702 416 3761 Laazi.
434 3702 546 3779 Saggio.
561 3702 646 3759 Tora.
664 3701 687 3759 l.
705 3722 733 3777 p.
753 3710 820 3763 102.
912 3710 926 3748 ⁴
946 3706 1013 3766 Juv.
1026 3708 1085 3766 Sat.
1101 3708 1242 3768 Vlll.53.
1275 3704 1446 3763 DeHermis

247 3802 267 3833 “
280 3798 366 3858 Forse
386 3798 498 3873 quaudo
518 3796 545 3854 le
563 3796 662 3856 lettere
681 3798 709 3855 di
731 3799 822 3857 Simo·
872 3802 909 3862 ci.
932 3803 1065 3866 Mazoclr.
1102 3804 1174 3863 Tab.
1196 3800 1311 3864 lleracl.
1331 3822 1358 3877 p.
1377 3806 1446 3869 149.

248 3895 311 3953 uide
325 3895 484 3953 suronocon
499 3893 610 3971 publico
623 3896 733 3954 decreto
750 3914 824 3954 rece·
873 3907 929 3956 not.
955 3898 1040 3974 Spon.
1068 3896 1192 3956 llliscell.
1217 3896 1316 3954 crudit.
1344 3916 1370 3973 p.
1397 3903 1446 3953 10.

247 3999 314 4049 vute
333 3991 363 4049 in
385 3994 487 4062 Atene,
507 3991 516 4047 i
542 3990 618 4067 Sigei
643 3992 746 4050 misero
767 4012 823 4050 una
873 3995 1016 4053 Paciaudi.
1033 3996 1140 4053 Marm.
1154 3992 1289 4069 Pelopon.
1302 3993 1340 4049 ll.
1352 4012 1379 4067 p.
1396 3996 1447 4050 52.

248 4088 498 4145 nuovarseonone
514 4086 600 4144 aar„
617 4088 691 4145 atero
707 4089 765 4147 no
778 4088 824 4147 uer
874 4071 1033 4149 euoenon.
1054 4092 1089 4147 au
1112 4092 1205 4149 stan
1230 4090 1300 4147 xv.
1325 4109 1354 4164 p.
1375 4094 1448 4157 710.

249 4182 403 4239 medesimo
428 4183 571 4242 marmo.''
610 4183 730 4243 Lauzius
757 4204 823 4260 ergo
874 4186 921 4245 Cf.
942 4187 1028 4245 etiam
1055 4187 1130 4245 Plat.
1156 4186 1243 4262 llipp.
1266 4205 1292 4261 p.
1315 4190 1384 4245 228.
1402 4185 1448 4242 ed.

250 4276 637 4357 Chishulliiopusnunquam
651 4282 823 4357 inspexerat.
875 4285 987 4343 Serran.
1029 4283 1092 4342 Cic.
1105 4284 1139 4340 de
1150 4282 1219 4357 Leg.
1229 4282 1332 4341 XXll.
1364 4282 1449 4339 Mac-

291 4368 303 4401 ’
324 4370 467 4429 Chishull.
484 4376 553 4432 Ant.
566 4375 660 4434 Asiat.
671 4395 699 4450 p.
710 4384 761 4436 41.
873 4384 931 4441 rob.
956 4380 1096 4441 Saturnal.
1109 4382 1134 4442 l.
1153 4400 1180 4443 c.
1197 4387 1243 4449 19.
1287 4379 1386 4456 Figell.
1412 4382 1447 4438 de

289 4468 483 4527 ³Tlruc2Vl.
524 4470 821 4532 Pausan.lV.c.33.
875 4474 990 4533 Statuis.
1024 4475 1144 4533 lloman.
1174 4494 1200 4534 c.
1227 4481 1273 4539 17.
1326 4474 1447 4548 Hughes

249 4566 336 4627 Vlll.
350 4586 376 4627 c.
390 4571 440 4635 ³9·
462 4566 502 4629 Χ.
516 4586 542 4629 c.
559 4572 607 4626 12.
875 4567 1000 4627 ltinerer.
1020 4568 1105 4629 Tom.
1120 4568 1144 4629 l.
1165 4586 1194 4644 p.
1209 4574 1278 4634 271.
