3250 5350
817 487 823 499 *
879 468 946 531 us
1265 461 1404 544 [Cassa.
1418 455 1465 522 111.

305 637 451 736 phontis
478 635 558 708 loco
592 635 637 706 de
667 655 761 706 novo
796 630 957 705 Poliadis
989 629 1147 726 templo¹
1171 629 1236 728 egi
1271 637 1402 715 censet,
1421 645 1470 697 uer

279 769 412 840 ¹aliter
448 765 686 837 Chandlerus.
752 761 851 834 Mihi
884 773 982 834 certe
1013 760 1140 834 lealrii
1174 763 1359 836 sententia
1388 756 1473 853 megs

308 893 507 969 verisimilis
550 893 705 977 videtur,
747 889 954 984 Walpolius
998 890 1096 963 enim
1135 889 1428 985 Hecatompedon
1459 906 1474 954 a

309 1023 430 1096 Persis
456 1021 645 1096 incensum
666 1043 746 1092 esse
772 1019 880 1092 docet
890 1016 915 1100 ²,
942 1028 979 1090 et
1000 1019 1256 1104 Athenienses,
1285 1041 1367 1093 cum
1386 1012 1475 1086 redin-

309 1165 454 1250 tegrare
485 1152 624 1224 nollent
651 1160 694 1222 ut
723 1151 803 1247 eJus
830 1148 948 1220 ruinae
974 1149 1235 1244 sempiternum
1267 1158 1388 1222 essent
1412 1143 1476 1216 Per·

310 1306 427 1356 sarum
467 1281 659 1376 impietatis
695 1289 981 1365 monumentum,
1022 1279 1260 1352 Parthenone
1296 1259 1477 1352 aedificasse·

311 1411 420 1483 Haud
437 1434 526 1507 ergo
544 1409 707 1507 intelligo
723 1408 912 1503 quomodo
935 1405 1052 1478 ruinae
1070 1406 1337 1504 Hecatompedi
1357 1403 1477 1480 incendi

311 1550 468 1634 possent.
520 1537 604 1611 Nec
636 1537 740 1610 aliter
768 1534 961 1621 Mtillerus,
995 1536 1099 1632 eujus
1127 1538 1316 1633 egregiam
1346 1537 1477 1630 disputa·

310 1653 443 1724 tionem
472 1652 531 1723 hic
558 1649 722 1746 subjicio.
828 1727 832 1734 ¹
1557 1661 1558 1752 p

388 1787 542 1859 “Nunc
567 1788 711 1858 demum
738 1785 943 1858 accedimus
971 1785 1018 1854 ad
1046 1784 1162 1878 ipsum
1191 1787 1375 1882 templum.
1422 1784 1479 1852 An·
1557 1776 1558 1779 ’

311 1913 549 2014 liquissimum
585 1913 621 1985 id
656 1925 693 1986 et
723 1915 826 2009 quasi
859 1913 1004 1984 unicum
1033 1913 1216 2007 quondam
1249 1924 1326 1987 erat
1348 1907 1480 1984 ciuitatis

311 2045 523 2129 sacrarium,
536 2045 634 2138 quod
651 2043 781 2116 ceteris
798 2043 967 2116 omnibus
984 2044 1234 2136 pretermissis
1248 2043 1482 2116 commemorat

310 2182 439 2246 auctor
470 2193 640 2242 recensus
675 2169 862 2263 copiarum
896 2168 1096 2239 Atticarum
1128 2167 1166 2238 in
1197 2166 1327 2238 lliade:
1358 2159 1482 2232 Erech·

312 2300 436 2370 theum
465 2321 488 2368 a
514 2297 683 2369 Minerva
710 2297 747 2368 in
778 2296 912 2392 templo
936 2320 1003 2367 suo
1028 2295 1182 2392 positum
1209 2294 1333 2368 annuis
1359 2286 1483 2384 placen

312 2424 421 2497 boum
456 2436 493 2497 et
526 2425 643 2498 ovium
679 2423 839 2498 victimis.
867 2423 909 2494 ll.
927 2432 965 2494 B.
984 2433 1067 2494 548.
1092 2423 1139 2494 cf.
1158 2425 1230 2496 Od.
1248 2431 1370 2494 Hui.
1418 2413 1482 2486 llic

312 2549 588 2624 Erichthonium
617 2572 697 2620 cum
731 2549 895 2640 Cecrope
919 2546 1085 2640 sepulcro
1116 2548 1298 2618 conditum
1324 2547 1480 2614 monstra-

311 2680 410 2767 bant,
439 2689 476 2749 et
497 2680 543 2751 ab
570 2679 695 2749 eodem
723 2677 1000 2749 vetustissimum
1025 2678 1167 2775 signum
1187 2678 1332 2771 (palum,
1358 2674 1387 2745 si
1406 2669 1480 2741 fides

310 2806 541 2881 Tertulliano
551 2807 579 2897 ³)
618 2806 821 2878 dedicatum
866 2806 1041 2880 ferebant.
1106 2813 1155 2881 At
1191 2808 1362 2881 fabulosis
1398 2794 1488 2877 nunc

311 2932 427 3003 missis
454 2933 501 3003 ad
526 2932 680 3006 certiora
705 2942 906 3027 temporum
930 2946 1166 3009 monumenta
1182 2938 1275 3009 riam
1301 2933 1478 3039 dirigimus.

311 3062 389 3137 Sub
403 3063 654 3161 Olympiadem
673 3062 757 3135 LX.
776 3064 963 3159 Epidaurii
982 3068 1219 3163 cogebantur,
1245 3070 1291 3139 ad
1306 3052 1479 3140 Erechthei

310 3204 347 3266 et
364 3194 518 3265 Palladis
537 3194 650 3267 aedem
667 3192 830 3267 victimas
847 3196 1029 3269 adducere
1039 3199 1063 3267 ⁴.
1106 3198 1249 3295 Olymp.
1263 3165 1435 3271 LXlllll.
1454 3199 1478 3255 1.

310 3314 394 3394 'eum
417 3322 632 3393 Cleomenes
654 3321 852 3415 Spartanus
873 3347 992 3395 arcem
1012 3334 1163 3410 teneret,
1189 3325 1228 3396 in
1250 3326 1372 3400 cellam
1388 3322 1479 3414 ipsso

311 3452 454 3545 irrupit,
491 3472 597 3545 quem
633 3452 799 3522 sacerdos
835 3452 1015 3525 Minervae
1047 3454 1242 3549 reprimere
1275 3464 1402 3527 conata
1428 3452 1481 3525 est,
1555 3493 1556 3548 i

311 3580 565 3683 praetendens:
611 3579 698 3651 nulli
743 3579 975 3653 Doriensium
1029 3585 1099 3654 huc
1152 3586 1287 3657 aditum
1342 3574 1481 3681 patere&

313 3704 385 3775 Vll
433 3705 706 3801 Olympiadibus
754 3719 846 3801 post,
889 3731 970 3779 cum
1016 3709 1138 3781 Persas
1184 3734 1295 3805 prope
1335 3705 1480 3783 sacellum

315 3832 466 3932 Aglauri
488 3832 629 3927 rupium
653 3844 835 3927 praerupta
859 3834 1152 3909 adscendissent:
1181 3838 1419 3911 Erechtheum
1438 3830 1482 3899 in·

313 3986 460 4038 censum
488 3962 544 4035 vel
577 3974 673 4037 certe
705 3964 872 4035 incendio
905 3965 1093 4056 foedatum,
1128 3968 1206 4039 olea
1234 3969 1312 4063 ipsa
1347 3966 1483 4041 cremult

354 4155 363 4183 ¹
385 4158 543 4231 Xenophon
562 4154 740 4230 proculdubio
755 4160 807 4213 τὸν
829 4182 882 4215 πα·
932 4179 1021 4233 posse.
1041 4160 1160 4233 (Herod.
1176 4180 1255 4219 v111.
1278 4167 1341 4235 53.)

314 4250 393 4302 λαιὸν
416 4254 480 4308 νεῶν
506 4258 655 4309 memorat.
697 4248 751 4306 Sed
770 4251 804 4307 de
827 4252 881 4309 hoc
970 4290 981 4321 ,
1001 4291 1078 4347 Λᾶν,
1101 4291 1263 4351 amioum
1289 4297 1419 4365 ΗΜ
1444 4274 1479 4335 cs,
1554 4311 1555 4354 p

313 4335 375 4487 lopo
397 4340 433 4395 el.
453 4342 568 4407 Miilleri
599 4341 763 4401 sententiam
789 4344 882 4417 paullo
933 4384 1041 4440 Mem·
1063 4384 1180 4457 cecrop⁸
1202 4404 1227 4440 c·
1243 4392 1292 4443 20⁴

313 4450 341 4488 rn
356 4451 393 4493 ra.

352 4524 539 4587 'Fatendum
574 4543 665 4591 autem
702 4534 881 4607 proculdubio
973 4508 1162 4568 ⁴H⁰¹⁰d'v‘
1180 4515 1229 4567 ⁸²⁸
1363 4602 1366 4606 ,

310 4620 446 4681 Herodoti
469 4628 554 4683 verba
575 4628 666 4698 paullo
689 4631 768 4687 aliter
790 4633 878 4704 accipi
968 4632 1041 4690 ⁸lb.
1059 4633 1097 4689 V.
1112 4638 1160 4697 72.
