3250 5350
605 441 948 496 raonssorruru.
1309 417 1382 490 xiix

182 591 338 680 nitunt,
363 617 463 668 nunc
483 595 668 670 omittunt.
723 598 817 672 Illud
840 625 889 674 sc.
907 601 944 672 in
969 601 1090 698 tepide
1108 597 1379 688 Cboiseuiiano,

178 723 247 794 boc
285 722 323 796 in
368 727 488 798 multis
520 753 565 801 ex
603 729 809 827 Eiginianis
844 731 1082 804 marmoribus
1125 731 1254 804 eodem
1297 731 1377 804 fere

176 865 342 948 tempore
369 859 518 954 sculptis
535 860 620 932 lieet
647 861 911 934 animadvertas
926 867 949 933 ¹.
1004 859 1116 934 Haud
1143 885 1168 934 u
1190 884 1230 933 re
1244 861 1376 948 oberit,

174 981 205 1050 si
235 983 297 1054 bic
327 997 502 1078 punctum
531 1013 644 1060 unuru
680 988 718 1060 in
752 989 870 1062 medio
897 990 1032 1064 circuio
1065 991 1254 1064 literarum
1278 999 1311 1062 Ο
1340 1001 1377 1062 et

181 1133 204 1196 v
232 1113 269 1184 in
288 1115 545 1212 antiquissimis
572 1117 895 1215 inscriptionibus’
910 1119 1106 1216 aliquando
1127 1119 1215 1214 poni
1239 1127 1375 1190 notem.

173 1241 287 1340 Quod
316 1267 462 1342 quoqne
491 1246 684 1320 Eckbelius
710 1249 747 1320 in
778 1249 994 1344 pervetustis
1022 1248 1178 1324 nummis
1207 1249 1375 1322 observu-

174 1372 226 1443 rit
237 1373 263 1444 ³.
715 1381 719 1392 ’

251 1504 297 1574 ln
333 1529 509 1580 marmore
542 1511 698 1605 quodem
737 1519 817 1604 post
857 1508 1046 1584 Euclidem
1082 1511 1219 1606 scripto
1254 1509 1371 1604 (Mus.

171 1633 252 1706 Cot.
273 1635 348 1708 No.
367 1639 470 1728 23³.)
492 1638 570 1710 brec
588 1649 725 1733 puncta
743 1661 870 1712 vocum
893 1639 1221 1714 abbreviandomur
1244 1665 1373 1714 musso

170 1767 339 1862 usurpari
365 1768 481 1840 video.
534 1767 589 1841 lta
615 1768 710 1840 enirn
738 1769 786 1840 ibi
812 1769 1003 1842 scribitur:

275 1909 493 1998 Καλλιμέδων
520 1913 775 2010 Καλλικράτους
800 1921 914 1986 Κολλε
940 1937 992 1988 κ.
1022 1917 1216 1993 Kottmdr

272 2047 477 2131 Τελεσικλῆς
505 2049 654 2118 Καλλίου
677 2047 815 2144 Ἀραφτ
841 2069 890 2117 sc.
917 2047 1107 2146 Ἀραφῆνιοι

276 2173 516 2277 Κηφισοδιῖρου
540 2177 652 2260 'Aoum
679 2199 730 2246 sc.
748 2175 933 2260 deportes.

171 2325 213 2397 ln
238 2327 310 2397 boc
327 2345 506 2396 marmore
524 2321 658 2395 nnliurn
683 2321 840 2396 Romani
864 2323 1020 2396 nominis
1041 2323 1236 2422 vestigium
1260 2335 1370 2399 extat.

170 2457 308 2532 Postea
345 2481 441 2542 vero,
479 2467 519 2526 ut
554 2465 651 2526 recte
686 2453 896 2541 Masonsa
935 2461 993 2526 “s
1027 2455 1228 2526 Romanis*
1260 2456 1370 2554 bujus

167 2613 258 2659 usus
285 2587 512 2658 crebritatem
543 2585 729 2681 arripuere
759 2581 922 2670 Groeci‚”
947 2605 1028 2656 curn
1050 2583 1242 2657 verborum
1263 2583 1369 2656 muti·

166 2718 324 2789 tationes
358 2728 468 2788 antea
504 2739 585 2788 raro
624 2715 797 2787 inducere
836 2712 1103 2787 consueverint.
1172 2712 1367 2785 verissimo

167 2848 265 2919 enirn
299 2846 396 2919 idem
426 2846 481 2918 vir
510 2842 767 2931 doctissimus⁶;
808 2852 934 2917 “usus
968 2842 1207 2917 obtruncandi
1242 2844 1366 2934 verbu,

166 3002 249 3051 conr
278 3002 353 3049 uera
382 2989 446 3048 sut
473 2996 650 3047 marmora
674 2972 825 3068 scalpris
847 2973 1145 3064 inscriberentur,
1171 2974 1366 3045 dictiones-

165 3130 238 3203 que
284 3106 344 3178 vel
390 3128 454 3199 per
493 3126 629 3199 paucas
672 3102 793 3174 literas
833 3102 1062 3200 significandi
1100 3103 1216 3198 magis
1256 3126 1363 3197 quom

165 3233 332 3321 Graecus,
359 3233 512 3306 Latinus
541 3242 608 3303 est.
662 3230 705 3303 Id
728 3232 837 3303 moris
862 3230 1130 3326 antiquissimos
1148 3228 1363 3302 Graecorum

164 3364 222 3436 vix
266 3362 449 3445 babuisse,
490 3362 683 3434 veterrimo
728 3384 853 3434 eorum
900 3368 1134 3432 monumenta
1173 3369 1362 3431 testantur.

166 3491 307 3588 Neque
335 3491 535 3579 hominum,
563 3514 684 3586 neque
707 3492 868 3565 tribuum
894 3491 1043 3564 nomina
1070 3490 1208 3585 uspiam
1235 3491 1363 3563 decur-

205 3708 212 3739 ¹
236 3708 283 3765 De
304 3726 358 3765 usu
376 3704 605 3781 interpunctionis
618 3704 737 3780 antiquae
828 3699 840 3733 ⁸
860 3700 977 3759 Erkbsl.
992 3702 1079 3761 Doot.
1093 3702 1134 3761 N.
1149 3700 1189 3759 V.
1204 3702 1228 3759 1.
1248 3700 1361 3777 Proieg.

163 3802 201 3861 ct.
219 3801 340 3858 Aristot.
356 3800 444 3859 Rhet.
457 3817 513 3856 111.
532 3818 558 3855 c.
574 3802 603 3856 5.
616 3807 644 3855 et
662 3798 737 3853 Poet.
788 3816 873 3859 c.cr.

163 3914 189 3955 c.
203 3902 253 3955 25.
298 3894 386 3952 Plura
410 3894 488 3951 dabit
511 3893 737 3949 Montssuconius
826 3896 839 3926 ⁴
858 3892 940 3948 Mad.
956 3892 1011 3949 Gr.
1029 3890 1100 3967 sigi.
1119 3890 1220 3965 Lepid.
1236 3890 1359 3966 (Veron.

163 3993 289 4070 Pdaeog.
311 4014 340 4069 p.
359 3998 409 4053 31.
451 3991 600 4051 Viiioison.
629 3990 736 4049 Arrard.
790 3988 896 4062 1745.)
939 3986 1051 4045 Prosus.
1066 4004 1096 4059 p.
1109 3992 1158 4045 41.

164 4088 215 4148 Gr.
232 4106 273 4145 11.
287 4092 396 4163 p.135.
407 4106 468 4163 sqq.
828 4080 1003 4153 ‘Exempla
1035 4079 1137 4136 videsis
1165 4078 1239 4150 apud
1272 4078 1355 4153 Spon.

788 4173 877 4231 inser.
891 4172 988 4247 Antiq.
1002 4172 1039 4229 ad
1053 4170 1124 4231 cole.
1139 4168 1205 4227 trin.
1218 4169 1303 4225 Tom.
1318 4188 1356 4225 ιι.

200 4275 211 4305 ¹
233 4276 281 4333 Cf.
299 4274 393 4335 class.
414 4290 456 4333 ιι.
471 4279 499 4338 7.
541 4270 572 4327 si
591 4266 739 4327 Dodwetlii
787 4286 816 4341 p.
832 4262 1089 4339 425.(ed.1678.)

158 4373 326 4448 ψμρὴο
340 4370 411 4427 fides
424 4366 556 4425 bsbeuds
569 4367 607 4423 sit
622 4364 659 4424 ri.
672 4382 738 4441 quo·
826 4358 839 4391 ⁸
861 4359 943 4418 Med.
958 4358 1010 4415 Gr.
1026 4354 1097 4430 sigt.
1120 4354 1222 4431 Lepid.
1243 4355 1355 4411 Proem.

159 4466 406 4542 uouebant.
786 4464 859 4529 p.l.

923 4570 952 4639 ἕ
