3250 5350
621 473 857 522 sternnnix.

170 639 199 694 H
218 657 275 715 pro
291 631 401 716 spiritu
418 654 530 714 aspero

220 735 387 794 Hssutln.
437 738 470 801 9.
497 733 585 791 ΗΟΙ.

172 835 200 888 N
218 839 369 892 mutatum
387 825 418 888 in
437 832 471 889 M

220 937 291 988 siste
303 930 330 986 Φ
345 947 374 987 v.
386 933 417 988 5.
460 926 739 997 ΜΕΜΦΣΥΧΑΣ,
760 935 792 982 et
808 926 835 982 Π
854 943 879 982 s.
889 927 922 992 9.
950 923 1190 984 Memnonis.
1209 941 1240 984 v.
1260 928 1310 983 10.

219 1027 347 1099 ΕΜΠΡ,
366 1020 442 1084 item
468 1017 498 1083 in
525 1018 679 1100 Catalogo
697 1016 880 1081 Fourmonti
901 1015 974 1082 Col.
991 1039 1015 1080 1.
1031 1020 1054 1081 l.
1065 1023 1120 1080 40.
1171 1021 1310 1080 ΕΜΠΟ·

220 1123 420 1191 ΤΕΙΔΑΙΑΙ,
446 1117 532 1180 145.
584 1120 775 1180 EMHYLOI
803 1117 842 1178 de
869 1138 931 1200 que
954 1113 1124 1178 mutatione
1154 1116 1197 1178 cl.
1225 1113 1310 1178 Her·

220 1237 367 1279 mannum
394 1219 434 1278 de
460 1215 586 1278 emend.
612 1226 668 1276 rnt.
687 1213 794 1276 Graec·
818 1210 1181 1276 Gramm.L·r.c.1v.
1223 1207 1310 1274 Cave

220 1327 324 1375 temen
343 1311 374 1374 id
396 1315 434 1374 ed
450 1334 560 1374 omnes
577 1308 704 1372 Graecas
720 1323 830 1392 gentes
853 1307 1033 1392 pertinuisse
1050 1309 1170 1372 credes·
1221 1307 1308 1372 Nam

221 1431 260 1474 ex
279 1408 357 1472 Elea
374 1409 425 1472 illa
442 1407 646 1491 inscriptione
661 1429 787 1470 cernere
804 1405 891 1484 licet,
914 1405 1080 1470 AEolenses
1093 1403 1141 1468 vel
1156 1403 1188 1468 in
1203 1404 1314 1470 mediis

222 1505 350 1570 vocibus
369 1513 398 1568 N
421 1527 568 1569 servasse.
623 1503 661 1566 ln
680 1505 740 1566 bac
755 1503 839 1566 enirn
854 1507 1092 1576 ΣΥΝΜΑΧΙΑ,
1118 1513 1151 1564 et
1174 1507 1247 1564 Tol
1266 1507 1311 1566 Δ1

222 1608 427 1666 ΟΛΥΝΠΙΟΙ
445 1602 469 1665 i.
485 1626 515 1664 e.
533 1598 714 1690 συμμαχία,
739 1599 787 1684 τῷ
806 1593 865 1664 Διῒ
879 1595 1051 1683 Ὀλυμπίῳ
1067 1597 1223 1690 scribitur.

246 1698 395 1783 Denique
420 1699 625 1784 singularibus
649 1697 768 1777 formis,
794 1720 872 1782 ques
900 1697 983 1781 typis
1010 1693 1121 1762 nostris
1138 1695 1311 1780 exprimere

172 1820 235 1862 non
260 1797 360 1881 potui,
381 1812 454 1862 suut
478 1797 594 1869 Thetis,
621 1795 705 1859 orbis
730 1811 761 1859 et
790 1810 942 1879 punctum
970 1793 1003 1860 in
1031 1807 1149 1873 centro,
1176 1792 1313 1858 Gemma

170 1894 264 1958 instar
281 1903 310 1958 Δ
327 1897 448 1958 sublata
463 1895 545 1958 linea
559 1894 589 1956 iu
608 1893 685 1971 basi,
712 1891 750 1958 Pi
763 1905 904 1958 trunceta
924 1893 1003 1958 lines
1025 1895 1142 1971 dextra,
1169 1889 1313 1958 Lembds

172 1992 268 2056 instar
288 1989 389 2054 Letiui
406 1999 440 2056 1..

251 2088 307 2152 Est
323 2101 426 2151 eutem
442 2089 510 2150 lues:
526 2087 625 2171 prisca
641 2088 755 2151 Attice
773 2087 939 2161 literature,
967 2081 1012 2150 τὰ
1034 2080 1163 2150 παλαιὰ
1178 2079 1310 2150 brena*

169 2183 369 2274 γράμματα,
393 2184 483 2248 variis
500 2184 553 2248 illa
565 2184 664 2247 modis
684 2209 702 2246 a
723 2183 923 2248 Doriensiurn
938 2197 970 2246 et
988 2181 1185 2248 AEolensium
1203 2183 1313 2266 alphe-

173 2284 251 2347 betis
279 2284 437 2356 recedens,
465 2305 528 2365 qua
559 2281 607 2344 usi
634 2295 706 2344 suut
727 2281 943 2354 Athenienses,
971 2277 1054 2343 velut
1088 2278 1247 2342 Miltiades
1282 2278 1316 2344 in

174 2379 418 2464 Epigrammate,
442 2381 528 2463 quod
544 2377 700 2462 Olympiae
722 2377 929 2454 dedicaverat,
956 2380 999 2440 cf.
1028 2377 1124 2440 Psus.
1145 2399 1193 2440 vr.
1213 2400 1244 2442 c.
1267 2387 1316 2449 19.

173 2487 295 2549 ο.498.
327 2477 435 2541 Kubu.
466 2479 566 2540 donec
597 2475 711 2539 lonicae
738 2474 845 2553 literae,
880 2497 1009 2539 numero
1044 2495 1151 2540 xxiv.
1180 2485 1315 2557 recepte

175 2587 257 2638 sunt.
308 2573 430 2638 Dicunt
454 2574 484 2636 id
513 2577 630 2637 lactum
657 2577 716 2636 sub
739 2573 834 2636 tinem
863 2572 937 2634 belli
958 2571 1135 2654 Peloponn.
1152 2570 1314 2635 Archonte

178 2670 307 2736 Euclide
335 2673 388 2736 Ol.
409 2694 468 2736 xc.
491 2681 522 2735 2.
548 2686 618 2735 snte
636 2694 688 2734 ter.
705 2686 841 2734 nostram
859 2679 935 2735 408.
959 2693 1041 2733 anno
1059 2668 1207 2734 vicesimo
1232 2692 1316 2734 nono
1421 2742 1425 2747 ,

177 2783 248 2851 post
278 2768 521 2851 inscriptionem,
548 2772 588 2833 de
615 2792 676 2854 qna
699 2769 828 2851 agimus,
855 2767 1047 2831 conditam..
1079 2767 1142 2830 Sed
1166 2767 1192 2831 ei
1213 2790 1317 2830 verum

176 2880 310 2950 spectas,
336 2866 453 2953 louices
471 2866 634 2932 literaturae
647 2890 720 2930 usus
734 2866 849 2931 sensim
863 2866 1054 2930 introductus
1067 2880 1127 2929 est.
1154 2864 1319 2950 Apparent

176 2964 258 3028 enirn
275 2964 306 3027 in
320 2965 430 3029 mediis
447 2964 562 3030 Atticis
578 2965 674 3029 literis
693 2969 761 3052 ejus
778 2964 917 3049 vestigia,
937 2964 1013 3029 utin
1034 2963 1215 3029 Fourmonti
1232 2976 1318 3029 csta·

177 3062 264 3147 loge,
290 3063 343 3149 qui
367 3062 412 3125 bis
436 3070 686 3127 ΑΝΤΙΦΑΝΗΣ
709 3065 878 3150 majoribus
902 3063 997 3129 literis
1019 3060 1092 3126 Col.
1112 3085 1136 3127 ι.
1167 3086 1243 3127 vers.
1263 3069 1317 3134 39.

178 3170 232 3225 54.
251 3161 400 3244 scripturn
418 3161 566 3235 exbibet3
599 3184 636 3223 ac
659 3175 745 3224 vetus
772 3172 887 3224 tessera
913 3159 1074 3243 hospitalis
1101 3159 1209 3223 Musei
1236 3158 1319 3221 Bor-

178 3258 272 3341 giani,
300 3282 393 3341 quarn
416 3257 565 3340 explicuit
596 3256 770 3319 lleerenius
788 3257 821 3334 iuv
852 3258 933 3319 Bibl.
961 3260 1016 3319 der
1036 3258 1118 3318 ulten
1138 3255 1202 3319 Lit.
1228 3254 1318 3319 Fesc.

181 3377 215 3420 v.
231 3380 266 3440 p.
286 3365 310 3417 l.
329 3356 423 3417 habet
442 3358 764 3419 ΑΡΜΟΞΙΔΑΜΟΣ
781 3368 813 3416 et
825 3356 1044 3419 ssPOEENOI
1055 3355 1148 3441 juxta
1161 3358 1319 3427 ΔΙΔΟΤΙ,

182 3458 367 3525 ΜΙΝΚΟΝ,
394 3458 609 3516 ΕΠΙΚΟΡΟΣ
638 3474 699 3513 nou
727 3459 766 3530 Ω,
794 3458 861 3530 ΟΥ,
895 3455 951 3516 sed
968 3456 1007 3519 Ξ.
1051 3450 1207 3517 Nimirum
1233 3474 1320 3536 quae-

181 3572 303 3634 cunque
335 3549 446 3612 vetusti
480 3551 535 3611 aevi
569 3548 785 3633 inscriptiones
818 3550 959 3626 vasculis,
994 3551 1108 3629 numis,
1141 3550 1193 3614 aeri
1227 3563 1320 3636 etque

181 3645 326 3711 marmori
358 3646 469 3711 edditae
503 3650 542 3711 ad
567 3662 702 3711 nostram
725 3647 904 3710 memoriani
934 3670 1110 3732 pervenere,
1136 3672 1181 3711 eae
1211 3670 1321 3713 omnes

180 3748 302 3820 docent,
329 3761 460 3830 quatuor
483 3760 516 3809 et
533 3744 638 3830 viginti
659 3745 816 3809 literarum
838 3744 1019 3830 scripturam
1038 3745 1164 3829 populis
1188 3744 1321 3809 subinde

110 3914 114 3921 ¹
180 3857 284 3907 natsrn
303 3858 395 3928 atque
406 3858 564 3927 receptam
581 3867 661 3920 esse,
678 3858 710 3907 et
726 3866 827 3907 errsre
843 3846 916 3923 hos,
944 3844 997 3929 qui
1016 3844 1197 3909 Graecarum
1215 3842 1320 3907 litern-

181 3963 248 4004 rum
266 3940 400 4025 origines
418 3956 512 4028 etque
534 3964 716 4027 progressus
730 3944 770 4005 sd
787 3955 872 4006 certa
888 3955 1029 4028 tempore
1046 3964 1192 4007 revocare
1214 3942 1322 4005 claris·

180 4062 243 4124 que
274 4039 452 4104 nominibus
487 4042 656 4127 adjungere
686 4042 841 4108 laborent.
893 4042 1116 4105 Statneudum.
1131 4040 1223 4125 igitur
1251 4039 1320 4117 erit,

180 4136 242 4201 isto
260 4136 400 4203 Euclidis
416 4140 542 4203 decreto
558 4138 633 4202 nibil
652 4136 736 4202 aliud
750 4139 847 4205 luisse
860 4150 1054 4219 contentum,
1071 4139 1131 4204 nisi
1148 4154 1182 4203 ut
1200 4137 1322 4203 louices

181 4236 287 4299 literas
320 4236 352 4300 in
384 4234 518 4320 publicis
552 4236 759 4301 monumentis
791 4236 995 4302 inscribendis
1030 4238 1174 4303 adbibere
1203 4234 1322 4301 liceret.

184 4332 299 4418 Neque
317 4349 421 4398 tamen
442 4358 546 4399 earum
570 4359 643 4400 usus
662 4335 706 4399 sic
729 4336 830 4401 statim
859 4339 943 4422 upud
969 4360 1077 4402 omnes
1099 4348 1245 4422 receptus
1262 4348 1323 4411 est,

184 4429 339 4515 siqnidem
370 4432 539 4497 Pausanias
565 4432 801 4519 inscriptionem
826 4434 941 4501 Atticis
973 4435 1068 4501 literis
1097 4439 1211 4501 lectam
1239 4456 1325 4499 com·

184 4541 348 4609 memoret,
375 4554 444 4616 que
462 4555 577 4598 nomen
600 4532 764 4601 Praxitelis
780 4532 973 4603 contineret:
1000 4530 1202 4627 Γέγραπται
1218 4521 1252 4600 δὲ
1268 4526 1324 4600 ἐπὶ
