3250 5350
878 503 925 574 46
1287 509 1434 594 [Crass.
1459 508 1506 576 Il.

312 646 488 720 blindaim
529 647 590 720 bei
631 645 803 745 Thucyd.
833 647 876 720 V.
908 657 968 737 79.
1035 655 1203 734 Τελεσσης
1254 649 1396 724 echeint
1447 648 1506 722 die

311 779 587 879 obrigheitliche
612 781 780 854 Behdrde
806 804 853 853 zu
877 780 1116 867 bezeichnen,¹
1139 785 1171 854 οἱ
1188 780 1237 852 τά
1258 779 1346 866 τέλη
1368 778 1506 879 ἔχοντες

311 909 348 982 in
366 907 441 980 Elis
462 908 600 998 (Thuc.
621 910 664 983 V.
683 920 742 1000 47.
763 910 801 984 in
820 911 936 984 einem
956 911 1167 1006 bundniss;)
1192 911 1268 984 aleo
1286 909 1331 982 ob
1345 907 1506 1005 Burger
1565 987 1566 992 ,

311 1039 398 1112 oder
423 1037 591 1112 Belcorde
613 1040 696 1114 oder
716 1064 864 1136 gpnger
890 1041 1033 1116 Staat.'’
1087 1042 1185 1117 Tum
1218 1043 1315 1139 quod
1341 1040 1505 1138 seqnitur

309 1169 375 1244 ἐντ’
392 1191 459 1265 pro
483 1169 558 1242 ἐστι
574 1170 662 1264 poni
685 1181 801 1266 putat,
827 1179 864 1243 et
883 1171 1002 1246 locum
1023 1173 1073 1244 ite
1099 1172 1263 1260 ordinat3
1290 1175 1367 1244 αἵτε
1392 1169 1503 1256 lewe,

310 1307 387 1373 alre
410 1295 507 1388 ddpdr
531 1301 597 1374 ἔντ’
624 1305 687 1399 (sc.
711 1298 816 1394 ἐστι).

384 1432 427 1505 L.
476 1448 513 1522 9,
566 1445 622 1504 10.
679 1441 879 1530 Εννεπιοροι
927 1467 1097 1532 κενεχοιτο
1151 1464 1501 1530 τανταιντεγρομςνοι.

310 1562 506 1651 Bdckhius,
533 1574 574 1636 ut
588 1563 666 1663 jam
685 1563 771 1651 dixi,
797 1564 863 1636 εντ’
880 1587 961 1635 cum
986 1563 1276 1661 precedentibus
1298 1562 1502 1664 conjungit.

310 1693 506 1792 Knightlus
524 1697 603 1768 haec
619 1693 676 1790 [ita
702 1693 869 1792 explicat.
892 1695 949 1768 Ἐν
970 1727 1018 1788 τῳ
1043 1695 1193 1794 έφιερειῳ
1218 1695 1259 1768 οἷν
1281 1695 1432 1793 ένεχοιτο
1454 1728 1503 1788 τῳ

307 1823 449 1898 larunda
466 1856 696 1919 γεγραμμνῳ.
748 1822 824 1897 Ubi
843 1822 1072 1898 incommoda
1089 1835 1144 1899 est
1165 1825 1266 1898 elisio
1284 1825 1502 1926 diphthongi

309 1995 339 2034 οι
357 1970 441 2032 ante
470 1959 616 2033 brevem
640 1961 798 2036 vocalem
823 1993 848 2044 ε,
875 1961 1072 2056 praeeertim
1097 1961 1292 2034 cumidem
1318 1962 1414 2037 haud
1441 1961 1503 2034 liat

308 2093 348 2166 iu
365 2091 484 2168 verbis
499 2127 554 2166 τοι
566 2099 722 2168 ενταυθα.
751 2092 1009 2167 Boissonadius
1023 2094 1212 2167 manifesto
1227 2093 1362 2168 labitur
1375 2096 1502 2197 legens

243 2237 253 2250 '
308 2257 384 2297 εντε
411 2233 628 2325 οφιεροιω...
642 2197 801 2296 .εντουθο
832 2255 1043 2320 εγγρομενιο.
1089 2222 1155 2296 ¹llll
1186 2225 1331 2323 quidem
1363 2226 1504 2302 videtur

308 2389 349 2429 τε
382 2356 536 2433 otiorum
566 2381 645 2431 esee
674 2357 712 2429 in
740 2357 820 2455 loco
849 2355 1119 2430 Demosthenis.
1166 2354 1282 2445 ἐπειδή
1311 2360 1329 2432 ὁ
1359 2355 1503 2446 dapne&
1611 2378 1616 2390 ·

306 2487 475 2573 Ἀθηναίων
509 2485 587 2561 ἔνι-ε
619 2494 691 2565 τοῖς
731 2487 987 2585 προγενομένοις
1025 2493 1149 2586 καιροῖς
1184 2489 1318 2563 εὐνοέων
1355 2486 1506 2568 διατελεῖ

307 2621 497 2720 Βυζαντίας
518 2626 572 2697 καὶ
594 2634 725 2715 trahitur
741 2631 795 2696 nal
816 2635 971 2718 μεγαλας
993 2627 1115 2720 xpectat
1125 2624 1342 2722 παρέσχηται
1362 2623 1439 2700 ivre
1454 2635 1506 2723 τῷ

309 2754 553 2848 παρεστακότι.
570 2751 800 2851 xacppi-Ubl
831 2752 967 2849 liquido
996 2777 1068 2825 lton
1098 2753 1251 2829 otiosum
1281 2767 1346 2829 est.
1401 2756 1504 2831 Num

308 2886 361 2957 nal
391 2886 480 2956 duae
506 2896 628 2980 partes
660 2896 799 2959 tantum
832 2886 1021 2960 sententiae
1047 2889 1249 2989 conjungit,
1274 2890 1351 2994 doec
1380 2902 1503 2967 autem

309 3038 410 3089 suum
455 3001 649 3088 clausulam
694 3011 806 3112 priori
853 3013 927 3091 έντε
962 3026 1044 3097 ,τοῖς
1091 3024 1344 3119 προγενομένοις
1383 3034 1534 3124 καιροῖς,

309 3148 470 3244 opponit.
523 3148 572 3223 Et
595 3158 721 3243 postea
746 3150 861 3247 magis
879 3152 929 3221 de
954 3183 1131 3249 εγραμενοι
1154 3154 1263 3229 falsus
1287 3170 1352 3232 est.
1403 3159 1508 3233 Dicit

173 3278 178 3287 ’
277 3284 416 3371 xenim,
448 3286 529 3358 “ln
555 3318 773 3381 εγραμενοιε
802 3310 876 3357 non
907 3294 963 3357 est
992 3298 1229 3386 augmentum
1257 3292 1321 3363 sed
1355 3291 1504 3391 signum

307 3418 572 3514 praepositionis
611 3419 658 3491 ἐν.
727 3416 890 3514 Simplex
931 3431 986 3492 est
1027 3453 1068 3514 γ,
1108 3424 1205 3519 quod
1249 3425 1382 3522 duplex
1422 3450 1505 3503 esse

306 3549 443 3638 debuit,
467 3561 509 3623 ut
521 3528 554 3638 Ιμ
573 3552 611 3623 in
641 3551 766 3623 eadem
786 3574 889 3637 voce,
915 3563 995 3626 utn
1018 3578 1128 3651 supra
1158 3556 1368 3636 ιιιαλαλοις.
1410 3559 1504 3633 Νοιι

308 3683 516 3757 scribebant
538 3684 718 3758 elementa
744 3707 828 3780 quoe
846 3708 918 3757 non
938 3688 1261 3782 pronunciabant.''
1306 3690 1504 3767 Verissime

307 3812 557 3911 proculdubio,
583 3814 680 3887 unde
706 3824 827 3886 autem
860 3816 928 3889 ecit
953 3817 1008 3891 vir
1032 3820 1272 3910 doctissimus,
1300 3832 1337 3895 et
1364 3826 1434 3898 hoc
1467 3834 1506 3895 et

306 3948 395 4021 illud
422 3981 463 4042 7,
491 3947 530 4019 in
554 3947 667 4027 verbo
690 3948 865 4046 ἔγγραφοι
886 3972 960 4021 non
983 3952 1262 4049 pronunciatum
1287 3953 1391 4029 esse?
1418 3958 1505 4064 Ego

307 4091 434 4156 contra
455 4105 596 4179 semper
624 4082 903 4177 pronunciatum
926 4108 1005 4157 esse
1033 4087 1154 4169 credo,
1207 4088 1280 4162 Sed
1298 4093 1344 4164 de
1369 4095 1437 4168 hac
1462 4124 1505 4175 re

306 4206 345 4280 in
388 4211 610 4286 Prcefatione
637 4212 716 4312 jam
752 4214 823 4313 egi.
886 4216 1073 4314 Ἐφιερειον
1106 4218 1195 4292 nihil
1230 4220 1298 4293 nisi
1332 4222 1504 4297 mulctam

307 4359 446 4411 sacram
465 4341 656 4434 (talentum
678 4366 727 4415 sc.
752 4342 840 4417 dori
862 4344 1035 4443 dicatum)
1060 4348 1120 4421 hic
1136 4348 1344 4447 significare
1370 4362 1504 4447 potest.

306 4464 532 4563 “Proposita
563 4476 653 4542 ect''
687 4468 826 4569 utique,
868 4480 907 4544 ut
944 4497 1028 4547 vere
1065 4462 1301 4564 uoissonade',
1338 4480 1504 4553 “eadem

306 4622 418 4698 poena
444 4599 602 4701 illisqui
629 4602 778 4679 foedcris
805 4604 981 4681 clausulas
1008 4610 1251 4707 despexerint,
1279 4621 1315 4685 et
1339 4612 1407 4688 illie
1439 4614 1506 4711 qui
