3250 5350
273 481 381 554 xxviii
702 498 1049 554 auotaaouaut.

277 653 490 752 llnightius)
528 654 700 750 graphice
740 665 826 726 ante
865 655 989 727 oculos
1023 653 1110 750 poni
1148 655 1187 725 in
1228 654 1310 725 loco
1343 655 1469 728 Galliae

279 800 397 875 nuper
419 781 602 853 advocato.
644 781 813 854 Occurrit
842 806 989 878 quoque
1015 784 1095 854 baec
1121 783 1227 854 litera
1252 783 1289 854 in
1315 785 1471 856 nummis

281 910 474 983 Alexandri
492 935 517 982 ι.
537 911 632 983 inter
647 934 764 982 annos
782 937 816 984 ι.
829 936 861 983 c.
881 925 966 1000 497.
983 922 1019 983 et
1037 925 1124 983 454.
1142 913 1238 984 cusis
1250 911 1273 984 ¹.
1320 911 1472 984 Atheni·

281 1061 384 1110 enses
416 1051 536 1110 autern
573 1039 666 1110 haud
699 1041 815 1111 statim
852 1052 936 1134 post
971 1042 1098 1138 longas
1132 1043 1284 1128 vocales,
1322 1040 1472 1113 Euclide

282 1171 482 1256 Archonte,
499 1169 671 1251 invectas,
691 1183 857 1243 crateram
876 1196 1024 1267 quoque
1043 1173 1339 1269 orthographiam
1357 1182 1472 1244 muta-

282 1323 375 1371 vere.
420 1300 460 1371 ln
485 1299 721 1394 inscriptione
746 1303 843 1374 eninr
868 1328 890 1373 a
919 1304 1038 1376 Piraeo
1054 1306 1205 1386 advecta
1232 1303 1345 1397 (infra
1360 1302 1472 1373 Clara.

284 1452 342 1499 ιιι.
384 1427 478 1499 Sect.
504 1451 543 1500 ιι.
586 1429 699 1500 lnscr.
724 1429 805 1520 vn.)
840 1432 1067 1504 ΜΕΤΑΧΣΥ
1102 1431 1282 1519 scribitur,
1312 1430 1475 1527 quamuis

284 1554 402 1652 longae
435 1556 576 1629 vocales
605 1554 740 1652 ubique
772 1555 1025 1627 adhibeantur.
1077 1556 1200 1628 Litora
1231 1564 1268 1628 X
1296 1578 1363 1651 pro
1383 1562 1414 1629 Ξ
1435 1553 1474 1624 in

284 1683 447 1778 pluribus
479 1686 635 1757 nummis
667 1683 870 1757 Naxiorum
913 1691 1004 1777 (uno
1037 1687 1184 1780 quidem
1217 1679 1478 1782 βουστροφηδόν

287 1811 434 1905 scripto)
459 1809 689 1907 usurpatur²,
719 1825 754 1885 et
782 1814 817 1884 in
840 1815 1020 1886 rarissimo
1039 1813 1197 1886 Buxenti
1225 1811 1395 1885 υιιιυιυο8
1411 1833 1474 1882 an-

286 1941 486 2036 tiquissima
513 1942 627 2013 forma
653 1942 821 2014 elementi
845 1950 881 2013 X
904 1945 968 2038 (sc.
995 1946 1049 2034 ψ)
1074 1965 1140 2036 pro
1166 1948 1197 2014 Ξ
1221 1941 1390 2012 occurrit.

357 2071 440 2143 Jarn
467 2092 580 2166 pauca
599 2073 750 2143 dicanda
774 2069 820 2144 de
847 2072 959 2144 tribus
985 2073 1176 2145 elementis
1200 2098 1223 2143 a
1247 2071 1392 2144 Graecia
1410 2096 1476 2144 an·

285 2197 482 2292 tiquissima
499 2199 664 2284 usitatia;
689 2221 711 2268 a
736 2199 926 2288 recentiori
950 2200 1045 2270 haud
1063 2199 1160 2296 item..
1207 2199 1473 2293 Aspimtinuem

288 2331 323 2397 H
346 2325 439 2413 dico,
466 2327 658 2426 digamma,
683 2338 720 2397 et
740 2327 877 2398 literam
902 2350 1009 2423 quarn
1027 2327 1136 2424 vulgo
1157 2328 1265 2424 Coph
1280 2329 1474 2423 appellant.

199 2453 203 2462 ’
363 2457 422 2530 De
454 2460 673 2554 aspiratione
703 2459 831 2552 ,facitis
880 2471 934 2532 est
968 2460 1176 2554 disputatio.
1229 2460 1275 2531 ln
1317 2460 1415 2531 nulla
1454 2482 1479 2530 e

285 2589 532 2662 uetustissimis
557 2589 863 2684 inscriptionibus,
891 2592 920 2661 si
950 2614 1011 2662 eas
1036 2591 1197 2685 excipias
1222 2613 1306 2685 quae
1337 2589 1476 2662 AEolica

287 2697 438 2786 dialecto
462 2717 747 2796 conscribuntur,
771 2716 962 2801 omittitur,
989 2718 1037 2787 ita
1065 2728 1104 2789 ut
1131 2741 1216 2802 uere
1234 2714 1477 2790 Μαιοιιιίιιι4

288 2864 396 2911 unarn
417 2866 437 2913 e
460 2841 570 2913 literis
594 2841 779 2935 primitivis
806 2843 1002 2942 Pelasgicis
1019 2845 1128 2916 fuisse
1146 2849 1254 2932 dicat,
1281 2867 1364 2919 curn
1386 2870 1477 2941 pre·

288 2970 411 3043 sertim
431 2992 612 3065 nunquam
631 2972 668 3041 in
688 2970 792 3044 Latio
810 2974 969 3045 defuisse
992 2976 1165 3047 rideatur.
1207 2977 1299 3048 Rern
1319 2976 1478 3048 breuiter

290 3084 406 3199 langll
440 3100 673 3185 Allienaetts⁵,
706 3098 758 3173 lul
794 3110 857 3174 τοῦ
890 3104 910 3188 ἡ
945 3113 1114 3201 στοιχείου
1150 3102 1369 3180 τυπώσασθαι
1399 3108 1477 3181 rotis

290 3232 446 3306 παλαιοῦς
474 3230 538 3313 τὴν
564 3224 696 3301 dunelma
725 3228 863 3315 (licens,
891 3253 959 3303 nec
982 3232 1086 3305 aliter
1112 3233 1355 3308 Priscianus⁶.
1406 3240 1476 3305 “H

289 3471 417 3530 occurrit.
432 3472 861 3549 Morusmconiasquuemffat.
910 3486 978 3539 413.
1020 3480 1176 3537 Mantiane.
1196 3481 1258 3537 Pal.
1281 3482 1334 3539 Gr.
1353 3502 1382 3556 p.
1409 3487 1477 3539 131.

291 3566 341 3620 Gr.
357 3580 396 3621 rr.
417 3582 446 3637 p.
468 3568 548 3640 131.)
567 3565 596 3621 iu
613 3567 735 3624 nummis
750 3578 860 3625 tanturn
910 3571 1003 3630 Liebe.
1019 3574 1125 3631 Gotho.
1138 3574 1297 3650 Numanp.
1311 3572 1381 3633 326.

289 3666 426 3731 repertam
452 3676 512 3714 esse
537 3658 627 3718 docet.
669 3661 770 3719 Postea
796 3682 860 3720 con·
948 3664 1117 3725 ’blionnet
1131 3668 1213 3725 Tom.
1230 3688 1252 3728 r.
1271 3691 1297 3742 p.
1314 3676 1381 3727 1⁵1.
1402 3672 1477 3731 Τὼ.

291 3751 442 3825 spiciturin
454 3752 555 3810 tabulis
571 3753 810 3825 Heracleensibus,
831 3768 860 3815 et
912 3779 1030 3819 xxxii.
1052 3762 1108 3822 No.
1124 3771 1172 3822 20.

290 3846 385 3902 crebro
409 3844 437 3903 in
462 3848 658 3905 recentioribus
681 3851 861 3909 numismatis
949 3853 961 3884 ⁰
980 3854 1053 3913 Tab.
1068 3856 1171 3915 Herae.
1185 3878 1214 3932 p.
1231 3858 1298 3918 aab.
1311 3874 1371 3919 not.

290 3946 317 3993 et
331 3935 477 4010 lapidibus.
520 3938 566 3996 Cf.
588 3938 668 4014 Biag.
693 3943 726 3997 de
745 3942 860 4001 Decret.
949 3944 961 3975 ⁶
981 3949 1085 4005 Athen.
1101 3968 1151 4007 rx.
1163 3972 1192 4026 p.
1208 3958 1278 4019 393.
1294 3958 1332 4012 Α.

290 4031 397 4087 Athen.
422 4029 529 4105 Proleg.
553 4039 575 4106 ς.
590 4050 664 4091 xva.
706 4034 860 4095 Placentia.
948 4038 959 4069 ⁸
980 4040 1116 4101 Priscian.
1132 4062 1154 4103 ι.
1170 4066 1198 4119 p.
1213 4053 1260 4103 28.
1282 4048 1360 4104 Idem
1373 4052 1478 4107 sudant

291 4126 366 4198 Epit.
395 4124 516 4200 Palaeog.
539 4144 565 4183 c.
597 4146 677 4185 ιιιιι.
727 4130 860 4190 Pariaud.
909 4134 1001 4190 rra-teri
1015 4138 1203 4195 Grammatici
1219 4141 1389 4199 Putscbiaui.
1429 4144 1477 4201 Cf.

291 4219 372 4275 bion.
389 4219 520 4293 Pelopon.
534 4220 617 4277 Tom.
631 4240 655 4277 1.
669 4229 739 4287 207.
909 4245 1019 4304 queque
1032 4230 1155 4292 Salmas.
1176 4236 1213 4292 ad
1230 4236 1352 4312 inscript.
1372 4240 1478 4299 llemd.

330 4310 338 4339 ¹
363 4313 500 4371 lllionnet.
513 4314 596 4372 Turn.
613 4333 636 4374 1.
653 4335 681 4389 p.
696 4314 765 4376 506.
909 4340 937 4393 p.
951 4330 1001 4381 43.
1039 4324 1232 4406 Havercarup.
1245 4332 1393 4407 descript.
1410 4333 1479 4395 Litt.

330 4402 406 4461 'Ci
425 4406 562 4465 Miconet.
585 4410 668 4467 Tom.
692 4430 715 4469 ι.
739 4430 766 4487 p.
789 4410 859 4472 269.
910 4415 963 4471 Gr.
975 4436 1004 4491 p.
1022 4418 1091 4479 236.
1134 4424 1281 4487 Villoison.
1296 4430 1402 4490 anecd.
1423 4429 1479 4487 Gr.

291 4501 388 4558 Burni.
413 4500 449 4557 ad
482 4502 552 4559 calc.
582 4502 723 4563 D'Orvill.
747 4508 802 4563 Sic.
830 4527 858 4581 p.
911 4526 950 4568 ιι.
967 4530 993 4585 p.
1004 4518 1075 4571 222.
