3250 5350
816 421 886 500 164
1208 424 1366 520 [eust.
1390 429 1457 496 ιιι.

265 607 343 680 leue
363 605 434 680 olei
457 607 567 682 Attici
589 607 736 704 periret,
763 633 905 708 semper
924 609 1084 685 olearum
1102 610 1279 686 sationem
1297 611 1459 684 studiose

266 735 479 810 observabat
510 747 620 835 atquc
653 739 832 814 tuebatur.
900 741 1038 816 Omnes
1071 735 1149 840 per*
1173 743 1330 817 Atticam
1365 742 1459 816 olere
1571 730 1572 753 ¹

266 867 367 964 quasi
392 868 543 965 pubiicae
578 869 817 958 habebantur,
842 893 995 966 quarum
1027 873 1090 968 qui
1122 897 1229 946 unam
1260 871 1458 968 cproprie

264 997 377 1095 ipsius
412 1025 503 1100 agro
535 999 705 1074 radicitus
740 1003 908 1077 evulserit
940 1002 1012 1079 nisi
1043 1006 1091 1076 ad
1124 1029 1227 1078 usum
1260 1028 1458 1089 sacrorum,
1571 1042 1572 1091 1

265 1136 392 1208 aerario
407 1145 551 1208 centum
570 1136 758 1208 drachmas
774 1137 998 1232 totidemque
1014 1138 1216 1210 accusatori
1234 1136 1456 1234 pendetur.

264 1279 337 1352 Sed
354 1275 409 1350 his
428 1284 544 1348 metus
567 1275 623 1348 iile
639 1275 798 1348 nondum
819 1275 984 1349 dimotus.
1037 1273 1191 1348 Palladi
1206 1274 1273 1370 ipsi
1291 1274 1459 1351 custodit

263 1406 401 1484 arboris
429 1405 661 1481 vivacissima.
693 1411 856 1507 (γλαυκᾶς
882 1405 1007 1499 inatus)
1032 1405 1216 1494 tramissa,
1242 1418 1284 1480 ut
1318 1405 1455 1479 ficuum
1571 1406 1572 1427 ¹

263 1561 352 1610 cura
378 1533 503 1610 Cereri
535 1537 624 1633 (ἱεροὶ
653 1542 739 1621 συκῆ
764 1536 812 1607 ad
840 1534 934 1610 viam
959 1535 1210 1628 Eleusiniam.)
1263 1533 1458 1611 Numerus
1571 1536 1572 1547 ’

262 1671 431 1744 definitus
459 1670 618 1744 olearum
642 1669 721 1740 deae
744 1676 983 1741 consecratus.
1036 1667 1150 1740 Fama
1176 1677 1266 1753 erat,
1296 1669 1454 1763 primum

262 1797 452 1873 duodecim
495 1794 657 1867 surculos
695 1794 785 1866 olere
827 1817 873 1866 ex
910 1817 995 1868 arce
1032 1795 1261 1890 deplantatos
1297 1820 1380 1869 esse
1403 1798 1455 1873 ,ιίι

260 1921 493 1998 Academiam
517 1922 562 1991 ad
589 1920 762 2016 templum
786 1920 975 2007 Minerroe,
997 1921 1061 1994 ubi
1084 1946 1148 1994 ara
1169 1921 1275 1996 doris
1299 1931 1453 2023 Moptou3
1571 1936 1572 2025 J

259 2063 345 2135 hinc
382 2067 530 2132 caetercs
563 2083 642 2132 esse
673 2059 924 2159 propagatas².
973 2059 1074 2136 Nam
1108 2061 1146 2133 io
1179 2063 1277 2135 omni
1310 2086 1452 2160 campo,
1571 2058 1572 2087 *

260 2193 324 2289 qui
354 2217 377 2264 a
409 2190 586 2286 Cephisso
617 2191 688 2264 late
713 2191 872 2288 patebat.
894 2187 1030 2286 (Πεδίον
1044 2191 1084 2284 ³,)
1122 2194 1231 2266 etrum
1266 2191 1306 2264 in
1344 2194 1454 2285 agnis
1571 2256 1572 2259 ,

260 2333 296 2400 et
318 2321 494 2398 arboretie
509 2320 667 2416 privatis
678 2331 700 2410 ⁴,
727 2323 857 2420 passim
883 2323 1076 2397 exstabant
1095 2325 1184 2398 oreo
1206 2345 1330 2410 sacrae,
1356 2347 1451 2421 quas
1571 2370 1572 2419 3

258 2457 393 2532 laedere
418 2453 530 2528 nefas.
583 2453 655 2544 Qui
684 2453 902 2528 eradicasset
930 2456 960 2548 (ὁ
988 2453 1182 2556 ἀφανίζων)
1209 2466 1324 2529 morte
1351 2456 1451 2554 piec·

151 2611 160 2624 “
257 2593 412 2667 tebatur.
466 2595 592 2688 Μορέαν
619 2588 724 2660 dictae
759 2611 856 2685 quse,
874 2585 1013 2660 fructus
1048 2587 1284 2684 praebebant:
1311 2589 1448 2685 stipites
1571 2666 1572 2680 ¹

257 2718 399 2792 arboris
442 2717 632 2813 longaevoe,
675 2711 776 2810 ligno
820 2714 965 2811 quidem
1008 2724 1045 2788 et
1085 2714 1193 2787 ramis
1223 2714 1343 2804 validi,
1383 2720 1447 2791 sed

254 2847 434 2921 fructibus
461 2843 568 2932 effeti,
593 2846 744 2925 σνκοίὲ.
798 2842 862 2919 Ne
890 2845 970 2944 quie
998 2869 1082 2942 quse
1110 2848 1156 2919 dc
1180 2847 1373 2921 arboribus
1393 2850 1445 2921 his
1571 2869 1572 2874 ’

259 2976 398 3051 sancita
435 2986 549 3063 erant,
587 2972 697 3071 impie
732 2985 932 3071 sperneret,
967 2978 1118 3051 carebat
1151 2991 1299 3053 senatus
1334 2983 1447 3052 Areo·
1571 3039 1572 3046 ,

258 3110 440 3211 pagiticus
487 3132 568 3182 cum
621 3132 674 3218 rx.
718 3108 992 3185 archontibus⁶:
1043 3108 1106 3205 qui
1151 3135 1274 3184 mense
1321 3113 1448 3210 quovis

177 3220 185 3233 ⁸
257 3241 472 3329 ἐπιμελητάς,
502 3239 694 3338 quotannis
725 3240 952 3335 ἐπιγνώμονας
989 3243 1118 3330 misit⁷‚
1156 3245 1218 3341 qui
1253 3268 1445 3319 numerum
1571 3281 1572 3320 ι

295 3514 305 3545 ¹
328 3506 477 3565 Demosth.
490 3506 520 3590 Ιἱιι
534 3506 656 3563 Macart.
677 3524 704 3579 p.
722 3509 809 3570 1074.
870 3506 979 3579 pictatis
992 3505 1070 3564 obliti
1084 3516 1173 3581 eraut,
1195 3526 1250 3584 qua
1268 3510 1443 3573 Archidamo

286 3607 304 3639 ³
325 3604 441 3663 seius.
456 3623 483 3663 v.
497 3602 601 3682 μορίοιν.
624 3600 661 3661 ci.
678 3601 759 3659 Ister.
773 3620 820 3675 ap.
870 3601 938 3658 duce
968 3601 1143 3661 incursantes
1175 3605 1211 3659 ab
1243 3602 1340 3662 iisdem
1376 3607 1443 3665 oleis

254 3702 339 3779 Soph.
372 3702 440 3762 OEd.
468 3700 502 3760 C.
539 3700 609 3769 697·
672 3699 819 3775 Aristoph.
870 3714 970 3754 manus
982 3698 1182 3756 abstinuerant.
1221 3698 1382 3761 Philochor.
1397 3723 1443 3777 ap.
1571 3771 1572 3784 χ

252 3802 431 3859 Nub.1005.
446 3818 471 3856 c.
488 3796 583 3854 Schol.
596 3797 680 3855 Paua.
697 3796 721 3851 1.
733 3802 818 3867 30,2.
870 3794 937 3853 Scb.
952 3793 1039 3869 Soph.
1050 3793 1071 3852 l.
1084 3795 1106 3851 Ι.
1122 3790 1190 3862 697.
1213 3816 1242 3871 p.
1257 3801 1306 3862 57.
1322 3798 1400 3859 Sieb.

252 3894 385 3974 Apollod.
400 3913 445 3969 ap.
461 3891 557 3975 schot,
570 3891 643 3947 laud.
655 3910 682 3947 v.
696 3895 764 3955 702.
908 3890 920 3920 ⁶
940 3892 1012 3949 Haec
1033 3891 1091 3949 iere
1114 3903 1158 3950 est
1177 3895 1314 3951 sententia
1344 3897 1441 3954 nram-

290 3994 415 4071 ³Lysiae
445 4016 477 4049 π.
509 3989 595 4058 σηκοῦ
621 3992 764 4061 ἅπολογῐο
791 4007 820 4062 p.
868 3985 945 4043 landi
971 3986 1006 4042 ad
1035 3993 1102 4057 109,
1128 3994 1173 4045 10.
1216 3988 1263 4045 Ad
1287 4008 1349 4065 quae
1376 4011 1440 4067 pro-

253 4097 321 4161 110,
335 4098 385 4149 22.
872 4081 964 4138 banda
980 4080 1094 4151 iaciunt,
1116 4100 1178 4157 quae
1195 4092 1289 4141 orator
1300 4086 1336 4141 de
1349 4086 1438 4166 πρέμ-

288 4183 384 4242 ⁴Hoc
399 4182 489 4243 omnis
504 4182 602 4257 proimt
616 4179 708 4255 Lysiae
721 4177 817 4239 oratio.
870 4204 922 4237 νονο
949 4187 976 4235 et
1001 4178 1093 4257 ξύλοις
1119 4180 1236 4237 arboris.
1291 4182 1338 4242 Cf.
1366 4187 1437 4265 Λέξ.

252 4282 318 4351 Qua
338 4280 369 4358 ai¹
384 4301 412 4354 p.
437 4287 503 4358 108,
527 4284 577 4338 42.
613 4274 817 4353 Lacedaemonii
867 4280 931 4357 ῥετ.
941 4274 963 4332 I.
975 4295 1002 4349 p.
1010 4281 1080 4333 304.
1095 4276 1215 4333 Bekker.
1230 4275 1435 4346 οηκδς-ἕιανὶν

248 4382 421 4445 accusantur,
440 4376 512 4451 quod
526 4374 670 4433 oleeetum
682 4371 817 4445 profestos
865 4374 886 4440 η’
894 4366 1075 4439 condensior,
1096 4378 1123 4426 et
1138 4368 1248 4428 Suidas.

247 4480 308 4529 tum
330 4485 423 4527 sacras
443 4468 569 4527 incendio
591 4465 754 4525 foedaverint
773 4465 814 4545 (in
905 4463 916 4494 ⁶
937 4464 1150 4541 Lys.110.17.

247 4568 430 4645 expeditione
447 4565 613 4642 Lysandri):
645 4566 664 4623 ii
689 4566 812 4643 pristinae
903 4564 913 4595 ⁷
934 4562 1061 4621 Ib.110.
1080 4567 1128 4627 29.
