3250 5350
156 497 277 564 lusor.
299 491 376 570 vt]
711 469 780 558 roe

330 747 482 832 Gnoso.
509 739 603 830 III.
647 743 773 828 Scor.
800 735 840 828 1.
885 742 1039 828 Inscn.
1064 739 1144 831 VI.
1260 862 1265 872 Ι

245 987 638 1064 INSORIPTIO
689 983 1177 1064 CHOISEULIANA
1212 985 1245 1061 Ι.

630 1185 723 1246 unu.
744 1181 952 1272 xvirum
1107 1116 1112 1125 .
1259 1166 1266 1174 “

558 1391 564 1400 -
663 1365 826 1406 ¹¹*-

155 1524 352 1592 Burthelemi.
370 1524 474 1589 Mem.
489 1523 528 1588 de
543 1521 666 1587 i'Acud.
681 1523 737 1586 des
754 1521 852 1588 Inscr.
870 1519 967 1588 Torn.
986 1543 1121 1588 xnvrrr.
1138 1549 1173 1611 p.
1189 1532 1346 1599 sut-407.

175 1645 297 1710 Biichh.
315 1644 394 1707 iiber
409 1639 460 1706 dis
477 1637 770 1754 Stuethuuehultung
786 1640 841 1702 der
860 1635 1012 1703 Athener.
1057 1639 1119 1705 ΒιΙ.
1136 1639 1182 1704 11.
1200 1642 1235 1707 S.
1249 1645 1321 1710 161.

221 1817 405 1908 Anmn
453 1830 523 1902 hoc
566 1850 719 1902 murmur
760 1836 943 1923 repertum
993 1825 1047 1903 vir
1089 1825 1347 1904 celeberrimus

128 1963 282 2060 ,Comes
311 1964 357 2034 de
382 1957 734 2034 choiseul-Gonffier
766 1957 811 2032 Α.
829 1957 871 2030 S.
901 1969 997 2048 1789
1032 1957 1216 2034 Lutetiam
1242 1959 1348 2036 misit.

155 2095 246 2170 Fuse
261 2098 307 2169 de
324 2119 369 2168 eo
393 2092 469 2192 egit
488 2090 526 2168 J.
546 2090 586 2166 J.
608 2087 875 2164 Burtheleruius
894 2099 932 2162 et
949 2113 1066 2188 nuper
1084 2091 1222 2164 amicus
1246 2113 1348 2166 meus

154 2225 338 2326 Augustus
366 2221 505 2296 Biickh.
557 2220 630 2294 Sed
656 2217 819 2318 grauiter
840 2217 878 2290 in
902 2217 959 2292 his
981 2217 1204 2316 explicandis
1225 2219 1347 2318 inpsus

118 2411 120 2418 ·
154 2370 205 2434 est
228 2354 508 2440 Burthelemius,
535 2354 708 2452 quodque
724 2351 812 2451 jure
834 2347 983 2442 rpireris,
1005 2351 1169 2448 quumvis
1192 2373 1348 2429 murmur

154 2495 229 2591 ipse
254 2495 469 2592 inspexerit,
500 2493 548 2566 ub
576 2501 729 2588 utroque
756 2487 868 2564 lutere
894 2513 976 2564 esse
1001 2489 1221 2586 insculptum
1248 2490 1348 2564 houd

154 2624 336 2701 intellexit.
390 2626 485 2717 Que
513 2647 571 2699 res
603 2619 767 2697 Biickhio
801 2620 898 2697 huod
925 2619 1012 2695 vitio
1038 2621 1226 2710 vertendo,
1260 2644 1346 2697 cunr

152 2760 197 2835 itti
239 2785 396 2837 murmur
437 2758 616 2856 inspicere
653 2778 841 2855 nunquam
882 2755 1089 2857 contigerit.
1151 2756 1196 2832 lu
1231 2758 1348 2833 nitere

153 2894 262 2969 latere
297 2896 380 2969 dure
415 2892 563 2991 quidem
597 2890 850 2988 inscriptiones
883 2898 980 2975 sunt,
1016 2912 1169 2985 querum
1196 2888 1347 2965 niteram

35 3110 60 3146 n
154 3050 233 3103 cum
264 3027 428 3127 ejusdem
465 3024 581 3099 aetetis
613 3048 656 3097 uc
692 3032 815 3097 nostru
852 3020 899 3095 sit
937 3044 1053 3119 nuper
1086 3022 1166 3120 ipse
1198 3022 1348 3097 Parisiis

154 3157 344 3255 exscripsi¹
356 3187 368 3246 ;
394 3157 506 3235 ultera
528 3154 709 3231 recentior
731 3166 797 3243 ost,
825 3178 909 3229 cum
931 3154 969 3227 in
990 3176 1036 3227 ee
1059 3154 1182 3253 longo
1203 3154 1348 3228 rooniee

154 3304 386 3393 usurpentur.
439 3292 642 3389 Inscriptio,
678 3314 787 3388 quum
821 3315 922 3364 nunc
955 3290 1150 3389 tangimus,
1183 3292 1349 3368 recensio

89 3461 98 3544 g
154 3443 206 3505 eu
242 3431 411 3529 pecunire
447 3454 469 3503 e
503 3428 682 3501 thesauris
719 3426 913 3513 Minernre,
948 3426 986 3499 in
1014 3425 1132 3502 verior
1167 3450 1266 3519 utus,
1296 3442 1348 3503 ‘ex

86 3545 93 3606 ι’
153 3566 368 3641 auctoritate
387 3561 581 3661 plebisciti,
602 3561 776 3635 archonte
792 3560 1007 3659 Glaucippo,
1030 3562 1180 3637 heusta.
1232 3562 1349 3639 Glau-

154 3696 280 3793 cippus
302 3704 424 3767 nutem
445 3694 595 3770 Archon
615 3705 692 3768 erut
712 3692 857 3792 Olymp.
873 3693 1032 3783 xuni..
1050 3705 1099 3781 et,
1117 3707 1158 3769 ut
1173 3696 1348 3771 Coruinus

154 3823 328 3911 notoriti,
361 3846 384 3895 u
416 3820 613 3908 Diodoro⁸,
649 3818 777 3919 Lysia*
806 3830 845 3893 ot
877 3820 1082 3921 Dionysio⁸
1119 3832 1346 3897 memoretur.

155 3950 283 4051 Lysias
322 3952 469 4049 quidem
514 3953 647 4026 diserte
685 3961 836 4026 testetur
867 3951 907 4025 in
941 3952 1133 4050 Giuucippi
1165 3951 1349 4027 archontis
1428 4015 1434 4029 .

152 4108 289 4159 annum
335 4084 583 4161 Panathenaec
621 4082 765 4183 Magne
805 4081 985 4167 incidisse,
1026 4085 1125 4179 qnod
1163 4106 1186 4156 u
1223 4089 1348 4157 nostro

154 4238 335 4293 murmure
374 4215 622 4291 confirmatur.
685 4214 745 4291 lhi
784 4216 894 4301 enirn,
932 4226 973 4289 ut
1011 4238 1095 4288 mox
1133 4212 1347 4301 ridebimus.

194 4411 203 4442 ¹
228 4414 273 4477 Cf.
285 4412 358 4473 infru
369 4412 457 4473 lrrscr.
470 4412 568 4475 Chuis.
583 4412 622 4473 11.
700 4453 704 4464 ,
820 4413 832 4447 ¹
851 4410 968 4471 Diodor.
985 4410 1046 4471 Lib.
1061 4410 1147 4473 xm.
1161 4433 1186 4473 c.
1198 4419 1248 4474 tu.

193 4508 338 4571 ’Coruin
367 4509 398 4570 F.
425 4510 466 4569 A.
491 4508 574 4569 Tum.
598 4507 640 4569 il.
818 4505 1147 4590 ⁴Lys.Apol.Aopoi.
1182 4512 1265 4571 Oret.
1279 4509 1348 4574 XX.
1406 4534 1416 4553 ι

155 4626 183 4682 p.
200 4612 271 4666 254.
820 4607 833 4641 ⁰
851 4603 972 4681 Dionys.
984 4604 1013 4665 in
1027 4604 1121 4683 Lysis.
