3250 5350
855 487 902 546 at
1272 479 1420 564 [Cnsss.
1444 476 1491 545 ll.

304 670 328 700 “
340 661 381 734 P.
400 661 513 734 Gabr.
532 659 702 758 Fabricy,
734 657 829 730 ¹Ahb.
847 657 977 742 lanai,
1010 655 1122 732 Nich.
1142 655 1493 748 Schow,--licet

302 789 434 862 “varie
459 789 497 860 in
523 788 599 885 ipso
621 787 885 884 interpretandi
912 789 1031 878 modo,
1059 787 1281 861 conveniunt
1307 802 1429 864 tamen
1455 791 1491 862 in

304 927 328 956 “
337 920 419 1006 hoc,
431 929 472 990 ut
482 942 561 991 eam
574 917 823 1014 hospitalitatis
834 918 892 1024 vel
903 917 1069 1014 publicae,
1082 918 1140 992 vel
1150 919 1297 1016 privatae
1311 923 1493 994 decretum

304 1049 525 1122 “continere
542 1057 750 1122 censeant.’'
801 1050 860 1122 Ex
877 1050 945 1137 his,
972 1074 1063 1146 quos
1089 1053 1316 1125 enumeravit
1341 1053 1495 1127 Sieben-

302 1182 458 1268 keesius,
475 1181 663 1254 Schowius
678 1180 772 1254 solus
786 1183 935 1279 priuatae
953 1183 1202 1280 hospitalitatis
1219 1199 1493 1258 monumentum

303 1315 342 1389 in
362 1316 429 1386 hac
454 1313 588 1387 lamina
610 1314 887 1410 deprehendisse
908 1314 974 1386 sibi
1002 1315 1100 1418 visus
1122 1327 1188 1402 est,
1220 1315 1280 1388 cni
1304 1315 1497 1389 sententiae

305 1447 401 1518 favet
425 1445 501 1541 ipse
530 1441 823 1530 Siebenkeesius,
847 1442 903 1513 his
932 1443 1114 1538 praecipue
1135 1443 1361 1542 argumentis
1382 1442 1497 1515 nisus.

305 1575 509 1649 “Omnia''
532 1577 593 1666 ait,
613 1565 828 1648 “variorum
851 1574 1063 1670 populorum
1087 1575 1232 1672 publica
1249 1575 1500 1671 hospitalitatis

307 1709 490 1779 “decreta
513 1703 648 1778 habent
665 1703 802 1800 aliquid
821 1703 915 1777 inter
932 1729 973 1776 se
998 1727 1188 1778 commune
1206 1707 1304 1802 quod
1320 1706 1500 1801 publicam

307 1840 495 1913 “sormam
520 1836 635 1933 primo
660 1834 775 1908 statim
802 1834 935 1908 intuitu
956 1835 1089 1934 arguit,
1115 1836 1219 1936 cujus
1241 1861 1288 1909 ue
1306 1837 1501 1936 vestigium

308 1979 334 2020 t‘
348 1970 492 2068 quidem
510 1966 549 2038 in
567 1975 688 2038 nostro
706 1977 940 2038 monumento
955 1977 1116 2062 apparet
1168 1965 1353 2064 locipiunt
1371 1990 1503 2062 nempe

309 2096 497 2169 “formula
524 2096 562 2166 in
593 2095 745 2191 publicis
775 2097 1002 2194 dogmatibus
1030 2097 1191 2169 solenni:
1222 2094 1314 2191 ἔδοξε
1342 2132 1388 2202 τῃ
1416 2130 1504 2192 συγ

310 2233 336 2265 ¹‘
348 2237 460 2320 thcp
481 2260 532 2298 και
558 2259 605 2318 τῳ
629 2221 727 2318 daupi,
753 2225 809 2297 vel
828 2222 920 2316 ἔδοξε
938 2257 995 2296 ται
1013 2225 1092 2298 dhus
1113 2261 1164 2299 και
1181 2257 1225 2329 sp
1240 2236 1444 2318 συγκλειτῳ,
1464 2233 1507 2296 ul

313 2362 338 2393 “
352 2353 497 2452 publica
537 2351 860 2450 Agrigentinorum
903 2363 941 2424 et
982 2351 1229 2424 Melitensium
1264 2351 1508 2448 psephismata

311 2491 386 2562 “in
425 2485 603 2561 Demetrii
638 2485 854 2583 Syracusani
893 2484 1067 2556 honorem
1100 2481 1203 2572 lata¹,
1237 2481 1293 2556 vel
1321 2477 1412 2574 ἔδοξε
1448 2513 1507 2552 ται

310 2623 438 2711 f‘dhaa,
483 2633 523 2695 ut
565 2621 711 2692 decreta
746 2616 938 2715 hospitalia
975 2615 1266 2716 Corcyrensium,
1308 2640 1390 2714 quae
1426 2639 1507 2689 exc.

311 2774 336 2803 “
352 2764 423 2836 lac.
453 2761 568 2851 Nani,
600 2759 760 2832 Venetus
790 2757 956 2843 Senator,
977 2756 1168 2853 possidet'‚
1202 2759 1259 2832 vel
1292 2757 1364 2830 alia
1399 2756 1509 2830 simili

314 2893 505 2967 “formula
548 2888 779 2966 convenienti
826 2891 976 2987 publicis
1019 2894 1272 2967 monumentis.
1343 2894 1513 2991 Pergunt

314 3029 479 3103 “deinde
513 3053 637 3101 causas
670 3002 851 3115 enarrare,
875 3029 941 3101 -ob
981 3053 1070 3126 quas
1108 3030 1343 3127 excipiendus
1377 3032 1512 3127 hospes

206 3138 211 3147 ¹
261 3238 271 3259 Ι
315 3161 421 3233 “hoc
447 3157 663 3232 heneficium
689 3155 756 3229 sihi
781 3157 1026 3254 acquisiverit,
1052 3171 1088 3232 et
1113 3161 1251 3232 addunt
1280 3160 1316 3231 in
1345 3160 1418 3232 linc
1445 3163 1513 3235 dc-

315 3300 340 3331 “
356 3302 494 3364 cretum
508 3291 553 3362 de
567 3288 764 3362 incidendo
784 3288 819 3360 in
837 3312 909 3362 aare
921 3290 1066 3363 decreto
1079 3289 1328 3387 hospitalitatis
1340 3289 1513 3385 publicoe.

316 3421 416 3493 “Sic
458 3445 497 3492 se
539 3418 674 3493 habent
716 3418 838 3492 omnia
884 3418 1017 3494 Graeca
1060 3419 1309 3517 hospitalitatis
1350 3424 1514 3497 decreta.

318 3564 343 3593 “
357 3556 534 3631 Nostrum
561 3566 682 3628 autem
712 3555 757 3626 dc
782 3552 838 3626 his
863 3554 969 3651 plane
995 3555 1085 3628 silet.
1138 3558 1188 3628 At
1211 3579 1257 3628 ne
1281 3556 1362 3654 quis
1389 3559 1519 3630 credat

224 3658 227 3665 Ι
320 3690 498 3764 “solitam
533 3690 759 3761 decretorum
795 3685 948 3760 formam
979 3686 1163 3760 brevitatis
1193 3689 1312 3763 studio
1344 3692 1518 3765 omissam

318 3828 344 3858 “
357 3819 477 3908 fuisse,
500 3841 657 3916 provoco
674 3820 720 3891 ad
738 3818 837 3909 illud,
861 3844 884 3889 a
901 3820 1201 3919 Gytheatensium
1221 3820 1364 3895 civitate
1384 3818 1521 3894 Marco

318 3950 486 4024 “latino
521 3950 693 4022 Pandusa
737 3948 866 4043 hospiti
900 3950 1048 4046 publico
1082 3950 1238 4047 positum
1275 3949 1373 4047 quod
1408 3948 1523 4023 Paci·

318 4077 483 4151 “nudius
509 4099 555 4147 ex
581 4074 715 4149 Museo
741 4072 915 4150 Noniano
936 4078 986 4150 ita
1011 4077 1238 4174 publicaviti,

359 4360 368 4390 ¹
390 4354 567 4412 Torremuzz.
590 4354 678 4411 lnscr.
705 4354 759 4413 Sic,
784 4356 823 4413 N,
845 4363 894 4425 79.
983 4349 995 4379 ³
1017 4343 1148 4401 Paciaod.
1163 4343 1240 4402 hion.
1251 4340 1384 4418 Pelopon.
1397 4342 1526 4404 thiat.

320 4458 370 4511 82.
945 4440 1053 4499 Menda
1092 4440 1182 4498 molta
1223 4438 1432 4497 Siebenkessius
1469 4460 1526 4498 suo

359 4545 501 4603 “Notizie
524 4546 594 4603 sulla
617 4544 761 4615 antichita,
783 4564 799 4603 e
822 4544 894 4605 delte
943 4538 1105 4617 ³P0gfaph0
1122 4537 1256 4611 lalecmt
1275 4554 1338 4613 quae
1355 4552 1441 4611 θεοῦ
1464 4537 1528 4595 Pa·

319 4644 372 4703 arti
393 4643 420 4700 di
443 4639 536 4703 Roma
557 4646 661 4721 (1787)
672 4640 708 4720 p.
720 4646 770 4703 58.
943 4632 1051 4693 ciaudio
1063 4638 1165 4693 tacitns
1177 4634 1293 4693 correxi.
