3250 5350
846 460 895 535 56
1059 477 1062 482 '
1262 468 1409 554 [Cusas.
1435 470 1481 537 ΙΙ.
1519 433 1523 440 ¹

288 660 457 734 Bentleio
477 667 547 732 stat
569 658 706 730 amicus
730 677 831 729 meus
854 651 1096 739 doctissimus,
1123 649 1311 750 Augustus
1335 649 1478 738 Biiclrh,

286 795 389 892 cujus
411 817 542 866 nomen
567 791 666 864 nullo
692 813 771 861 meo
794 786 978 884 praeconip
999 792 1094 882 eget.
1148 783 1241 874 Quoe
1264 793 1479 881 sequuntur,

286 949 333 998 ex
351 925 430 1022 ejus
444 922 556 996 literis
572 923 620 993 ad
638 945 694 992 me
713 941 828 1015 nuper
845 915 936 988 datis
953 913 1128 987 exscriho.
1181 912 1312 985 “Mihi
1331 935 1480 1010 prorsus

286 1061 428 1125 constat
444 1075 584 1125 versum
603 1073 683 1123 esse
700 1048 892 1120 senarium.
945 1043 1091 1116 Viribus
1109 1053 1251 1114 sancet
1270 1053 1348 1114 arte
1366 1053 1493 1138 caret,¹

286 1182 349 1253 sed
380 1180 566 1253 confectus
600 1188 654 1250 est
684 1179 730 1248 ad
762 1199 842 1248 eam
878 1196 1039 1247 normam
1075 1195 1184 1269 quam
1219 1171 1404 1244 Porsonus
1440 1173 1479 1246 in

287 1309 397 1384 Praei.
423 1312 471 1383 ad
500 1309 596 1382 Hec.
620 1307 797 1405 exposuit,
825 1307 928 1406 cujus
953 1297 1155 1400 enemplum
1184 1314 1239 1376 est
1267 1303 1480 1400 Aristopha-

285 1465 393 1514 neum
416 1440 512 1513 iliud.

485 1572 658 1664 Φιλοξενος
680 1567 686 1666 Ι
711 1576 883 1654 Μελησιας
906 1565 1070 1666 'Ausinius
1091 1595 1101 1652 3

287 1703 373 1778 Nisi
406 1703 541 1776 dixeris
566 1723 740 1774 coesuram
758 1722 837 1771 esse
855 1711 935 1795 post

434 1833 560 1904 ταὺτοῦ
579 1835 674 1904 λίθου
695 1827 702 1926 Ι
723 1831 786 1913 εἴμ’
802 1825 929 1925 cvdpsdr
951 1827 957 1929 Ι
981 1832 1034 1902 rui
1055 1829 1098 1901 vd
1122 1831 1255 1930 σφέλας
1279 1841 1339 1904 &m
1453 1875 1459 1882 ·

287 1967 372 2058 Qua
404 1963 544 2038 ratione
578 1962 762 2036 Porsouus
801 1961 837 2034 in
883 1961 1003 2034 multis
1036 1961 1278 2060 Tragicorum
1300 1967 1483 2040 uersibus

286 2099 416 2172 merito
445 2122 531 2172 usus
561 2109 626 2171 est.
672 2095 835 2170 Alterum
867 2096 1006 2192 inquo
1035 2096 1094 2168 hic
1121 2117 1246 2170 versus
1272 2099 1320 2170 ah
1350 2100 1482 2174 usitata

286 2232 415 2332 regula
443 2231 607 2319 discedit,
634 2231 752 2302 hiatus
782 2240 839 2303 est
863 2229 900 2302 in
931 2253 1020 2304 voce
1045 2235 1150 2318 λίθου,
1176 2231 1322 2304 sedhic
1347 2232 1480 2322 hiatus,

286 2376 328 2439 ut
356 2388 379 2437 a
402 2363 554 2436 scenicis
574 2361 692 2458 poetis
710 2361 899 2446 devitetur,
927 2360 963 2432 ia
982 2359 1173 2432 trochaicis
1191 2370 1310 2433 tamen
1339 2373 1378 2436 et
1395 2364 1486 2436 iam-

285 2498 376 2573 bicis
402 2495 562 2570 numeris
594 2519 668 2567 non
696 2495 888 2582 devitatur,
914 2517 936 2566 a
961 2492 1094 2590 lyricis,
1123 2505 1163 2566 ut
1189 2505 1244 2568 est
1266 2497 1363 2590 apud
1393 2496 1486 2569 Pin-

286 2632 410 2705 (latum
438 2625 583 2725 Olymp.
614 2625 725 2699 Xlll.
779 2625 913 2722 Πατρός
937 2620 972 2695 dd
996 2631 1170 2699 θεσσαλοῦ
1195 2625 1247 2697 ἐπ’
1268 2626 1420 2725 Ἀλφεοῦ
1446 2637 1487 2701 et

284 2762 370 2838 alibi
390 2762 595 2861 aliquoties.
647 2760 706 2831 Ad
727 2759 862 2857 ulmeos
878 2759 995 2855 igitur
1015 2760 1123 2856 leges,
1148 2785 1222 2833 nou
1243 2762 1295 2834 ud
1318 2764 1488 2837 scenicas

285 2896 346 2971 ille
371 2918 494 2968 versus
518 2890 736 2988 compositus
759 2898 852 2962 est.”
903 2892 975 2965 Sed
1002 2892 1071 2964 hoc
1096 2902 1151 2966 est
1179 2894 1314 2965 nodum
1345 2917 1487 2983 secare,

285 3051 359 3101 non
386 2998 535 3098 solvere.

361 3159 454 3231 Cum
478 3155 516 3227 in
543 3155 610 3225 hac
631 3151 864 3247 inscriptione
891 3166 1109 3228 memoretur
1129 3156 1223 3227 basis
1242 3165 1383 3243 statuas,
1412 3181 1490 3247 res,

285 3306 328 3369 ut
343 3293 496 3373 videtur,
515 3309 624 3384 parra
643 3296 754 3381 atque
779 3285 962 3387 ignobilis,
990 3291 1187 3362 notandum
1206 3301 1261 3365 est
1281 3291 1502 3386 saepissime

286 3425 403 3521 signa,
435 3414 533 3489 nulla
566 3415 641 3486 basi
673 3414 768 3486 infra
800 3413 928 3511 posita,
963 3418 1009 3489 ab
1043 3416 1203 3513 antiquis
1237 3418 1356 3491 statui.
1409 3422 1492 3510 Qui

285 3565 406 3631 autem
424 3551 538 3651 majus
563 3550 807 3622 testimonium
834 3550 978 3646 pietatis
1005 3576 1093 3639 suae,
1121 3553 1316 3653 majoribus
1343 3554 1496 3652 impen-
1557 3572 1563 3579 “

250 3714 254 3722 ·
283 3685 332 3761 sis
350 3680 539 3767 faciendis,
559 3681 644 3753 dare
661 3679 819 3767 voluere,
836 3690 900 3752 aut
916 3704 962 3754 ex
979 3684 1107 3756 eodem
1132 3708 1307 3758 marmore
1324 3696 1492 3763 statuam

284 3842 328 3889 ac
363 3812 464 3887 basin
506 3810 690 3883 faciendas
721 3822 786 3883 aut
816 3811 941 3883 saitem
972 3812 1087 3900 basin,
1120 3838 1216 3886 nunc
1245 3842 1493 3895 marmoream

286 3966 387 4019 nunc
418 3965 570 4030 aeneam,
605 3942 808 4014 addendam
844 3965 1029 4015 curavere.
1089 3943 1197 4034 Quod
1231 3946 1335 4021 nobis
1371 3952 1499 4028 multa

284 4082 427 4149 vetusta
461 4082 695 4145 monumenta
720 4083 899 4181 testantur
912 4060 1038 4145 ‘basim
1068 4097 1150 4146 cum
1181 4085 1298 4151 statua
1327 4078 1496 4155 dicatam

285 4205 481 4281 referentia
492 4202 514 4277 ¹.
556 4204 801 4279 Cockerellius
824 4206 950 4279 eodem
978 4207 1058 4279 ioco
1086 4205 1204 4305 (Side)
1234 4209 1400 4309 quinque
1431 4214 1499 4287 in-

286 4338 498 4435 scriptiones
524 4340 661 4435 ceperit
685 4337 723 4410 in
752 4338 885 4436 quihus
911 4340 1079 4413 omnibus
1106 4341 1185 4413 haec
1209 4342 1384 4440 leguntur

328 4536 474 4595 ¹Gruter.
493 4534 563 4595 vlt.
582 4542 608 4592 l.
640 4534 739 4594 lX.5.
771 4536 812 4599 X.
828 4542 856 4595 2.
910 4536 995 4596 xvi.
1022 4544 1068 4597 12.
1094 4537 1140 4597 uhi
1168 4556 1218 4614 pro
1244 4556 1310 4596 uuae
1332 4538 1500 4617 legendum

286 4633 344 4708 (ubi
359 4631 473 4691 houset
493 4631 636 4708 hypobosis
655 4638 858 4710 memorantur)
910 4634 978 4704 bosi,
1006 4634 1052 4692 vel
1079 4635 1171 4711 (utin
1197 4635 1281 4697 inser.
1316 4639 1391 4712 apud
1417 4656 1503 4699 eun·
