3250 5350
875 423 924 539 e6
1276 475 1483 558 [Cuiusnlt.

294 637 373 736 pitii
408 648 594 711 auctorum
631 635 895 732 subscriptione
932 638 1100 714 omne
1148 640 1344 717 absurdum
1379 651 1485 729 esset,

294 795 364 844 nec
382 791 541 866 unquam
561 767 764 864 hujusmodi
780 767 983 864 exemplum
1001 767 1084 839 vidi.
1114 768 1208 841 Cum
1226 767 1485 842 Siobenlseesio

292 914 412 978 autem
442 912 511 974 stat
533 898 775 974 Heerenius¹.
810 901 925 974 “Das
956 914 1167 975 monument
1194 901 1313 976 Selbst
1335 903 1382 976 ist
1401 904 1485 975 eine

293 1043 517 1131 sogenannte
537 1041 678 1104 tessera
699 1029 901 1126 hospitalis,
923 1032 1006 1105 eine
1029 1031 1173 1120 Marlre,
1199 1033 1258 1105 die
1281 1033 1359 1105 sich
1375 1032 1484 1105 Gest-

292 1165 446 1238 freunde
481 1165 576 1236 nach
609 1162 824 1236 errichteter
856 1163 1203 1238 Gastlreundschaft
1234 1164 1411 1237 einander
1436 1187 1484 1236 zu

292 1287 411 1390 geben
427 1277 429 1284 ¹
444 1289 618 1388 pilegten
651 1311 712 1359 um
741 1289 810 1384 bey
842 1287 1101 1362 niederholten
1132 1287 1337 1372 Besuchen,
1373 1289 1486 1362 selhst

286 1423 385 1496 uach
420 1421 702 1495 betriichtlichen
737 1419 981 1507 Zeitriiumen,
1024 1419 1101 1491 sich
1137 1419 1313 1492 einander
1347 1419 1486 1493 wieder

293 1575 339 1624 zu
365 1551 588 1623 erkennenst
639 1547 828 1622 Schowius
847 1550 926 1620 haec
950 1549 1072 1621 habet.
1120 1555 1145 1590 “
1156 1548 1277 1620 luitur
1296 1549 1484 1644 publicum

291 1687 403 1756 hocce
424 1685 556 1768 foedus,
580 1681 750 1754 amicitie
778 1692 816 1754 et
837 1683 1092 1777 hospitalitatis
1113 1682 1247 1770 loedus,
1270 1691 1313 1755 ut
1336 1683 1511 1778 opinor„

290 1817 386 1887 inter
411 1813 580 1908 privatos,
604 1834 756 1907 quorum
784 1835 879 1883 unus
898 1809 1027 1899 Saotis,
1043 1811 1134 1883 alter
1159 1811 1333 1884 Sicanias
1358 1813 1486 1907 sppel-

292 1942 406 2028 latur;
442 1937 521 2012 initi
554 1947 674 2010 nutem
709 1938 857 2010 loederis
890 1927 1092 2009 stabiliendi
1127 1961 1248 2024 causa,
1282 1937 1487 2032 subscripta

292 2081 376 2144 sunt
403 2068 550 2144 nomina
582 2069 779 2141 amicorum
815 2078 853 2174 et
878 2066 1074 2163 hospitum,
1111 2067 1346 2167 Demiurgus,
1371 2069 1487 2142 Para-

290 2223 398 2298 goras
416 2200 508 2272 &c.”
551 2197 722 2292 Denique
750 2196 893 2292 sapiens
919 2195 1064 2290 quidem
1092 2193 1293 2268 Nicholaus
1316 2198 1486 2295 Ignarra,

291 2339 369 2410 “in
398 2335 518 2436 Regio
541 2331 843 2433 Archigymnasio
870 2331 1181 2425 Neapolitano·S.
1199 2331 1397 2428 Scripturoe
1428 2335 1488 2406 in·

290 2463 491 2563 terpres’‚''
520 2475 557 2538 et
582 2473 665 2560 post
691 2485 774 2534 eum
793 2461 959 2534 Murrius
987 2461 1101 2557 (quod
1124 2460 1276 2554 mireris)
1302 2463 1487 2536 lamellam

289 2613 447 2678 nostram
483 2589 766 2671 exsecrationem
803 2617 882 2668 esse
916 2593 1100 2667 solennem
1135 2603 1310 2668 statuunt.
1356 2595 1487 2669 Priue-

289 2753 397 2827 quam
417 2750 532 2798 meam
552 2724 765 2797 sententiam
783 2744 975 2818 exponam,
1006 2722 1139 2794 tabulae
1158 2722 1349 2795 verborum
1367 2726 1488 2821 expli-

289 2856 485 2931 candorum
505 2853 674 2935 rationes,
694 2875 783 2948 quas
800 2850 1016 2947 interpretes
1038 2850 1167 2937 iniere,
1186 2852 1412 2946 exponendae
1431 2853 1489 2926 vi-

289 2986 431 3058 dentur.
458 2982 565 3072 Quod
576 2981 692 3077 prima
704 2980 816 3053 verba
831 2982 912 3055 θεὸς
926 2981 1018 3077 τύχα
1030 2982 1171 3067 attinet,
1188 2980 1488 3069 Siebenkeesius,

289 3138 372 3187 curn
398 3112 436 3185 in
466 3109 609 3183 tesseris
637 3109 875 3205 hospitalibus
909 3110 981 3181 Dei
1011 3109 1121 3199 xenii,
1153 3120 1218 3182 aut
1246 3131 1390 3200 nomen,
1419 3126 1490 3187 aut

288 3243 487 3341 symbolum
519 3242 637 3313 inesse
655 3248 796 3312 constet
809 3247 833 3325 ³,
853 3238 1050 3311 Fortunam
1075 3239 1160 3311 huic
1180 3253 1413 3316 monumento
1431 3245 1492 3317 in-

289 3374 454 3470 scriptam
473 3372 630 3471 conjecit
647 3382 819 3465 tanquam
843 3369 1094 3466 hospitalitatis
1122 3394 1257 3444 numen
1275 3383 1312 3447 et
1328 3373 1491 3471 genium

287 3500 433 3575 familie
455 3497 628 3597 ξενοδοχου
652 3497 854 3569 tutelarem.
897 3496 1011 3583 Turn,
1040 3497 1154 3571 locis⁴
1180 3498 1393 3597 quibusdam
1418 3508 1492 3579 ad-

285 3629 433 3719 vocetis,
456 3632 654 3705 Fortunam
674 3628 770 3701 inter
785 3637 935 3726 penates
951 3629 1053 3725 quasi
1080 3655 1214 3704 numen
1233 3634 1386 3707 tutelone
1411 3639 1489 3711 ali-

326 3891 527 3951 ¹Bibliothek.
559 3892 609 3948 der
635 3890 685 3947 alt.
723 3890 778 3947 Lit.
800 3889 858 3945 und
946 3884 1095 3945 ‘Sallust
1117 3888 1152 3944 ds
1167 3888 1229 3946 Diis
1249 3890 1321 3949 inter
1334 3892 1494 3969 mythogr.

165 4003 171 4020 .
288 3986 583 4059 Kumpwpp,
656 4020 664 4033 ,
910 3982 960 4039 Gr.
994 3982 1051 4056 (ed.
1088 3980 1199 4059 Oxou.)
1228 4003 1257 4057 p.
1275 3991 1326 4042 21.
1362 3988 1496 4048 Eclshel.

326 4082 337 4114 ¹
358 4080 422 4137 Nisi
445 4078 619 4153 scripturam
648 4078 748 4136 melius
772 4095 857 4153 quam
909 4076 998 4135 Num.
1016 4074 1083 4131 Vct.
1098 4076 1209 4133 Anecd.
1224 4096 1250 4151 p.
1266 4083 1334 4136 183.
1348 4079 1493 4157 Inscript.

286 4182 410 4232 nostram
433 4174 577 4232 lamellam
593 4174 793 4249 interpretetur,
813 4191 858 4230 νε
907 4170 982 4245 apud
1005 4169 1142 4229 Murator.
1158 4172 1181 4230 1.
1210 4190 1239 4245 p.
1253 4172 1336 4229 lxxx.
1364 4174 1495 4237 Gruter.

146 4294 151 4304 ·
287 4270 447 4345 Theologiae
461 4268 654 4347 Neapolitanis
668 4268 805 4327 studiosis.
909 4260 1035 4321 LXXV.
1057 4264 1142 4338 Spon.
1156 4265 1191 4321 de
1209 4266 1264 4322 aris
1283 4266 1372 4340 ignot.
1390 4268 1494 4331 Deor.

358 4362 450 4421 Plaut.
487 4364 581 4419 Poenu
603 4364 669 4419 Aet.
690 4362 727 4453 V.¹
755 4360 800 4422 Sc.
830 4372 857 4420 1.
907 4361 1027 4429 No.29.
1057 4360 1162 4418 Morini
1184 4362 1281 4422 iscriz.
1314 4362 1382 4423 Alb.
1404 4384 1440 4439 p.
1458 4376 1495 4434 7.

285 4464 306 4489 ⁴*
316 4455 410 4536 Deum
432 4452 600 4530 hospitalem
614 4464 643 4513 et
652 4462 784 4513 tesseram
798 4473 858 4512 me·
907 4454 1030 4530 Capitol.
1051 4456 1123 4512 inter
1142 4455 1236 4530 script,
1255 4456 1330 4517 Hist.
1353 4459 1438 4533 Aug.
1461 4481 1496 4536 p·

285 4566 349 4607 cum
363 4548 450 4607 laro.''
637 4592 645 4609 ,
719 4572 721 4579 ·
907 4556 955 4607 21.
966 4551 1022 4625 (ed.
1035 4549 1171 4623 Caseub.)
