3250 5350
599 1034 752 1118 cmss.
776 1034 815 1114 I.
857 1033 1011 1116 Insere.
1036 1033 1115 1114 IV.

550 1235 1187 1344 erioroovm'rrcl.

697 1489 790 1549 TAB.
812 1491 868 1549 lll.
909 1491 933 1546 F
936 1503 983 1549 ro.
1006 1492 1030 1550 1.

796 1725 939 1768 ..4-

633 1942 771 2028 Wolpol.
789 1942 888 2008 Tom.
906 1935 954 2006 ll.
977 1967 1010 2026 p.
1027 1951 1103 2016 597.

344 2130 546 2210 lusorum
580 2140 666 2203 sunt
704 2132 785 2204 haec
819 2131 929 2205 verbs
971 2129 1009 2202 in
1049 2132 1156 2229 galea
1194 2134 1324 2220 votiva,
1366 2131 1467 2233 quod

267 2265 382 2350 siunt,
408 2287 431 2336 o
453 2261 592 2336 Leokio
614 2261 796 2360 Olympios
820 2271 975 2357 reperta.
1024 2261 1231 2356 Walpolius
1253 2264 1303 2337 ita
1326 2265 1417 2364 legit

501 2430 502 2433 ’
560 2421 657 2490 Kotor
677 2445 787 2498 μαποε
811 2411 836 2483 l.
855 2435 888 2484 e.
916 2419 1008 2485 Kwos
1023 2413 1053 2499 μ’
1072 2445 1174 2485 errores

268 2575 414 2662 tresque
443 2562 587 2636 ultimas
616 2561 737 2675 literas
764 2561 921 2634 incertos
949 2585 1027 2633 esse
1056 2562 1245 2634 existimat.
1297 2561 1404 2653 Quod
1434 2565 1466 2637 si

267 2684 519 2781 concedamus,
546 2718 713 2791 quaenom
744 2693 800 2765 hae
829 2703 902 2765 tres
928 2692 1043 2765 literae
1075 2717 1154 2767 esse
1186 2693 1361 2790 possunt?
1387 2694 1467 2769 Imo

265 2824 367 2923 lege·
385 2848 533 2924 mecum·
558 2825 705 2897 ἐποεσεν.
762 2822 951 2895 Facillime
984 2823 1021 2895 in
1056 2824 1162 2923 galea
1193 2823 1324 2910 ferree,
1356 2850 1465 2923 quom

268 2967 410 3031 tontum
434 2956 606 3029 exederet
625 2964 796 3043 vetustas,
823 2953 969 3039 litero3
990 2955 1148 3048 fieretfi
1170 3010 1180 3041 ,
1206 2967 1244 3028 et
1259 2956 1318 3029 vix
1340 2958 1467 3031 dubito

269 3088 359 3186 quin
385 3086 509 3159 ultimo
530 3086 634 3158 litera
659 3086 720 3156 VO
748 3084 794 3157 sit
825 3088 858 3153 ll
873 3112 884 3170 3
913 3085 942 3157 ei
969 3086 1066 3158 enim
1094 3098 1122 3165 Φ
1149 3096 1255 3173 esset,
1283 3086 1371 3184 quid
1396 3086 1466 3159 sibi

266 3219 376 3292 vellet
408 3242 492 3314 quae
528 3216 691 3314 sequitur
724 3215 822 3289 lineo
856 3211 913 3287 Vl
966 3214 1285 3314 Monogrammoto
1319 3218 1466 3315 quidem

267 3350 354 3420 huic
392 3346 508 3421 literae
545 3346 722 3419 simillima
757 3344 795 3415 in
833 3344 988 3416 nummis
1023 3344 1193 3432 extont¹;
1239 3349 1304 3419 sed
1338 3372 1467 3422 mono·
1521 3331 1522 3342 ἵ

268 3492 470 3582 grammata
502 3480 540 3553 in
582 3478 821 3553 marmoribus
856 3477 1003 3583 vetustis
1043 3465 1231 3574 nunquam
1266 3478 1351 3567 vidi,
1395 3505 1467 3555 nec

268 3614 443 3712 intelligo,
481 3612 511 3684 ei
543 3609 710 3707 ultimam,
741 3608 881 3681 literam
914 3592 1185 3717 monogrtlmma
1218 3632 1298 3681 esse
1333 3633 1466 3682 conce-

270 3747 409 3829 damus,
437 3740 525 3838 quid
551 3743 597 3813 de
624 3738 845 3836 praecedenti
871 3739 978 3812 statui
1003 3738 1129 3835 possit.
1182 3739 1291 3830 Quod
1312 3741 1469 3839 scriptu·

267 3902 346 3951 mm
372 3911 394 3949 α
419 3897 486 3972 pro
511 3906 528 3945 e
552 3872 683 3946 attinet
708 3872 755 3945 cf.
782 3866 1038 3969 Gregorium².
1077 3876 1080 3881 '

310 4118 320 4145 ¹
341 4112 389 4172 Cl.
404 4111 543 4171 Mioonet.
556 4111 628 4169 Tab.
640 4110 681 4172 11.
697 4110 757 4188 rig.
773 4106 840 4170 166.
878 4159 883 4172 .
932 4106 947 4134 ²
968 4106 1385 4181 Gregordediel.§·cxv11.p.
1395 4112 1466 4167 ³02.

269 4208 341 4268 Tob.
352 4207 423 4271 vn.
446 4208 506 4281 Fig.
521 4212 591 4267 551.
893 4206 947 4267 Ed.
962 4206 1066 4267 Schael.
1286 4212 1289 4217 '
