3250 5350
853 486 925 577 296
1019 454 1023 463 Ι
1274 493 1423 577 [Cursu.
1445 492 1498 557 lV.
1590 550 1591 565 ,

314 674 502 746 commissu
541 672 597 759 sit,
630 672 751 744 dicere
789 650 944 767 nequeo.
1011 668 1128 741 Alium
1174 668 1302 741 eodem
1340 680 1501 763 tempore

313 810 424 896 etque
448 802 528 874 loco
553 798 823 895 inscriptionem
851 798 941 871 vidit
965 808 1076 894 atque
1096 796 1296 891 aexscripsit
1324 795 1501 879 Clnrkius,

313 928 352 999 iu
380 950 454 1023 qun
482 951 563 998 cum
592 920 736 1022 quidum
760 926 943 1022 Ἀντιοχεῦς
964 926 1031 997 cluo
1057 919 1245 1019 Μαιάνδρου
1275 932 1501 1004 memoretur,

314 1055 542 1127 menifestum
583 1066 639 1127 est
665 1053 936 1149 inscriptionem
976 1054 1071 1125 haud
1117 1052 1332 1149 Olympiade
1368 1073 1471 1121 cxxv
1480 1061 1502 1120 ⁸.
1590 1068 1591 1153 5

315 1183 544 1255 vetustiorem
573 1208 652 1255 esse
680 1206 797 1279 posse,
829 1204 910 1255 eum
941 1182 1037 1255 circa
1072 1182 1107 1253 id
1135 1192 1276 1276 tempus
1303 1180 1503 1251 Antiochus

313 1315 359 1385 ud
382 1312 612 1387 Menandrum
642 1313 819 1387 editiora
843 1314 899 1385 sit.
948 1312 994 1385 lu
1021 1313 1149 1385 eodem
1179 1319 1301 1383 nutem
1329 1333 1504 1382 marmore

314 1441 514 1538 Sophocles
533 1442 725 1539 Sophoclis
737 1442 969 1517 Atheniensis
985 1443 1009 1514 l.
1029 1442 1207 1540 tragoediu
1221 1440 1349 1512 vicisse
1363 1440 1504 1512 dicitur.
1590 1460 1591 1543 ξ

315 1568 444 1643 Suides
478 1583 600 1645 nutem
635 1572 851 1668 Sophoclem
897 1573 1077 1669 quendum
1115 1570 1320 1667 tmgoedum
1357 1592 1380 1641 e
1423 1570 1505 1641 clari
1590 1546 1591 1623 l

315 1697 410 1771 illius
437 1698 626 1795 Sophoclis
652 1722 790 1795 genere
815 1709 934 1771 ortum
965 1710 1046 1794 post
1077 1698 1259 1771 Pleiadem
1286 1699 1505 1794 tragicorum
1590 1710 1591 1713 ’

317 1830 396 1926 (qui
436 1853 485 1900 sc.
530 1829 727 1902 Ptolemaeo
761 1830 813 1902 ll.
856 1829 1093 1923 Philadelpho
1132 1826 1332 1919 floruerint)
1376 1828 1506 1901 vixisse
1590 1802 1591 1809 ἵ

314 1966 477 2028 testetur.
529 1955 747 2029 Ptolemaeus
778 1968 898 2029 autem
936 1957 993 2029 Ol.
1024 1980 1138 2029 cxxx.
1175 1970 1210 2029 2.
1244 1966 1409 2028 mortuus
1444 1968 1505 2027 esu
1590 2018 1591 2059 3

316 2086 411 2158 Haec
441 2109 531 2184 ergo
561 2085 744 2181 inscriptio
780 2088 876 2160 circu
905 2086 962 2160 Ol.
982 2112 1066 2161 cxc.
1097 2088 1133 2159 in
1167 2108 1343 2158 marmore
1378 2086 1507 2181 scriptu
1590 2062 1591 2069 ἵ

315 2228 381 2289 est.
434 2215 571 2287 Nostro
603 2226 736 2303 nutem,
771 2228 809 2288 ut
849 2216 999 2304 videtur,
1032 2217 1152 2313 puullo
1183 2226 1306 2300 antea,
1339 2240 1428 2289 cunr
1461 2218 1508 2289 ihi

316 2346 510 2443 Digummu
543 2344 688 2443 legatur
719 2358 756 2418 et
796 2347 1119 2419 Orchomeniorum
1154 2345 1300 2442 propria
1333 2347 1507 2420 dialectus

316 2474 476 2546 nondum
508 2472 725 2571 negligatur.
770 2474 961 2547 lectorum
988 2476 1116 2573 gratio,
1142 2476 1201 2547 hic
1223 2500 1303 2548 eum
1326 2476 1508 2573 inscripti·
1590 2470 1591 2511 ³

316 2624 422 2676 onem
457 2599 502 2673 de
535 2624 609 2697 que
638 2626 747 2698 supra
777 2602 851 2702 egi,
889 2628 969 2676 cum
1009 2628 1084 2676 uuo
1116 2614 1152 2677 et
1183 2604 1297 2677 alteru
1329 2615 1508 2700 praetereu

314 2730 359 2800 ud
383 2730 476 2801 hunc
503 2751 577 2799 rem
603 2730 830 2821 facientibus,
855 2733 1064 2807 exscribam.
