3250 5350
263 485 347 557 xviii
704 507 1059 562 mnonnnonsun.

260 673 285 737 Γ
286 671 477 759 pulinacho]
505 663 655 761 Θεωρίαι
681 667 800 737 adhuc
827 668 959 740 clarius
981 675 1016 740 H
1043 673 1080 740 el
1103 679 1133 739 Ω
1159 667 1255 740 lnlel·
1276 665 1459 739 elementa

257 797 334 892 jorn
362 819 426 866 sna
452 807 557 892 aetnte
575 797 690 894 ‘uulgo
713 799 849 872 nsitntn
870 803 1050 874 numornri
1077 803 1196 874 docet.

266 937 305 1006 'l''
329 934 439 1033 ἄλφα,
466 939 581 1027 βῆτα,’
606 939 742 1032 “ydppa,
776 937 894 1025 δέλτα,
922 939 1000 1029 ῆτα,
1034 948 1136 1029 θῆτα,
1172 949 1258 1016 Θεοῦ
1279 945 1351 1041 ’γάρ
1377 951 1463 1038 elye.

265 1074 359 1152 ἰῶτα,
384 1069 512 1152 κάππα,
537 1067 687 1160 λάμβδα,
712 1078 766 1157 μῦ,
795 1079 842 1156 νῦ,
869 1074 913 1164 ξῖ,
939 1074 981 1143 ‘rei
1006 1087 1052 1154 οὗ,
1081 1079 1133 1157 πῖ,
1155 1080 1210 1170 poi,
1237 1083 1359 1168 σίγμα,
1382 1083 1464 1164 ταῦ,

265 1209 284 1274 ὗ
305 1236 422 1300 παρον,
446 1209 502 1301 φῖ,
528 1210 567 1302 χῖ
592 1237 633 1275 τε
658 1211 707 1296 τῷ
732 1211 789 1299 ll»
816 1212 859 1278 eir
884 1207 926 1276 τό
953 1204 1009 1278 ¹3⁹.
1064 1205 1111 1276 El
1133 1208 1261 1277 eotleul
1289 1207 1382 1277 loco.

267 1359 363 1434 Βῆτα
388 1348 498 1448 ἄλφα,
524 1353 586 1442 βα·
614 1351 712 1440 βῆτα
738 1359 777 1439 ei,
801 1355 857 1442 βα·
889 1355 985 1442 βῆτα
1012 1369 1042 1440 ri,
1069 1357 1128 1442 βῆ·
1163 1356 1261 1442 βῆτα
1289 1361 1381 1442 ἰῶτα,
1408 1355 1463 1445 βι·

264 1483 362 1572 βῆτα
388 1483 437 1568 οὐ,
463 1481 519 1571 βο·
557 1483 652 1570 βῆτα
674 1516 701 1564 υ,
725 1483 782 1572 βυ·
818 1484 914 1571 βῆτα
939 1481 975 1567 ὦ,
1002 1483 1066 1572 βω.

369 1609 645 1680 “Statuendum
691 1610 802 1706 igitur
840 1611 947 1694 erit,''
987 1621 1025 1680 ut
1070 1633 1153 1683 vere
1198 1604 1464 1682 'Phierschius³

269 1749 350 1834 post
390 1737 479 1810 alios
492 1739 515 1824 ⁴,
554 1739 656 1810 “isto
690 1735 849 1811 Euclidis
887 1740 1034 1811 decreto
1072 1739 1160 1810 nihil
1206 1738 1304 1810 uliud
1351 1740 1463 1812 fuisse

268 1879 491 1954 contentum,
518 1868 586 1938 nisi
629 1879 669 1939 ut
712 1867 855 1938 lonicae
894 1868 1016 1939 literas
1059 1870 1095 1939 in
1140 1869 1292 1964 publicis
1336 1895 1464 1941 monu-

270 1999 397 2072 mentis
445 2000 680 2072 inscrihendis
724 2000 899 2073 adhihere
935 2001 1100 2073 liceret.’'
1168 2002 1251 2089 Quo
1299 2013 1464 2098 ternpore

267 2149 356 2222 ergo
389 2137 451 2197 aut
487 2127 522 2198 in
558 2128 695 2223 reliqua
730 2128 872 2200 Graecia
903 2140 966 2199 ont
1000 2128 1036 2198 in
1081 2129 1167 2225 ipsis
1199 2131 1351 2201 Athenis
1384 2152 1464 2223 per-

269 2256 451 2327 crebuerit
488 2280 573 2328 usus
608 2257 797 2356 longarum
841 2257 1029 2344 vocalium,
1063 2283 1170 2329 nemo
1205 2258 1290 2330 sotis
1323 2257 1465 2329 idoneis

267 2385 473 2458 auctoribus
506 2386 617 2460 fretus
646 2387 766 2460 dicere
796 2397 914 2483 potest
926 2387 952 2457 ⁵.
1004 2387 1202 2459 Utilissimn
1227 2386 1465 2482 proculdubio

269 2531 306 2591 et
326 2543 436 2614 poene
456 2522 657 2592 necessaria
678 2520 750 2592 fuit
767 2544 890 2593 earnm
909 2521 1086 2602 inventio,
1115 2520 1211 2615 quod
1228 2534 1337 2590 antea
1354 2542 1463 2613 qnam

269 2650 421 2720 inuectae
440 2649 522 2735 sint,
546 2634 720 2743 triplicem
742 2651 857 2722 vicem
884 2650 1024 2722 uocales
1045 2657 1071 2720 E
1099 2660 1136 2721 et
1156 2657 1187 2721 Ο
1214 2649 1463 2722 sustinuerint.

275 2782 450 2854 Escilicet
467 2772 535 2853 sihi
554 2782 733 2877 propriam
752 2792 978 2877 potestatem,
997 2782 1213 2880 diphthongi
1229 2791 1273 2855 El
1292 2797 1329 2855 et
1341 2784 1464 2881 longae

275 3096 280 3109 ,
313 3042 447 3102 ¹Athen.
463 3063 495 3099 x.
510 3064 537 3117 p.
552 3048 621 3099 453.
889 3040 1057 3099 ‘memorium
1090 3062 1171 3101 cusos
1205 3062 1265 3101 esse
1294 3042 1467 3100 ostenderint

312 3156 323 3187 ²
344 3154 389 3213 Cf.
412 3154 528 3213 Eckhel.
549 3156 634 3212 Doct.
658 3154 696 3209 N.
714 3154 781 3211 Vel.
802 3172 841 3213 rr.
893 3138 1077 3198 V·V·D·D.
1111 3140 1161 3198 Cf.
1184 3138 1291 3213 Spnnh.
1308 3140 1343 3195 de
1363 3140 1464 3199 Praent.

274 3273 301 3327 p,
317 3262 386 3314 212,
894 3230 982 3287 Num.
1004 3252 1033 3305 p.
1048 3238 1118 3290 545.
1154 3234 1310 3291 Burmann.
1331 3233 1367 3289 sd
1391 3233 1461 3291 calc.

312 3364 324 3394 ³
344 3368 418 3421 ncta
434 3366 535 3425 nunu.
548 3368 662 3423 urnac.
680 3383 717 3421 ιι.
733 3385 759 3441 ρ.
774 3372 843 3433 409.
895 3323 1036 3382 D'O‘lffl·
1054 3327 1111 3431 εἷς·
1134 3346 1161 3401 ¹³·
1176 3333 1247 3384 ⁴⁵⁸·
1289 3326 1373 3393 ΟΜ
1389 3344 1466 3431 Psaes

893 3428 972 3493 crp‘ue
986 3430 1081 3477 notam
1098 3440 1163 3477 cum
1178 3420 1230 3478 hos
1251 3439 1381 3477 nummos
1394 3440 1465 3477 unns

314 3485 442 3545 ‘Voles
454 3488 481 3543 in
493 3488 565 3544 notis
580 3487 724 3545 hlnnssac.
738 3492 843 3560 p.102.
893 3515 983 3571 doctis
1013 3516 1102 3572 fraudi
1134 3514 1219 3571 fuisse
1253 3515 1374 3571 videam·
1417 3513 1465 3569 Cf·

276 3582 407 3640 Bouhier.
434 3584 469 3639 nd
496 3583 567 3641 calc.
597 3582 756 3639 Montlauc.
780 3579 843 3639 Pal.
893 3608 928 3667 R·
951 3612 983 3668 P.
1010 3612 1129 3686 Κώεω.
1153 3612 1188 3667 de
1214 3611 1339 3684 ΜΡΝ).
1365 3611 1462 3667 ΟΜ

277 3676 329 3732 Gr.
345 3696 372 3751 p.
389 3681 457 3740 573.
480 3674 682 3759 ¹Burthelemi¹
696 3676 786 3732 Mem.
808 3676 843 3728 de
892 3713 982 3779 lm·
1025 3705 1318 3781 Septemhujusmodi
1346 3702 1465 3762 Gelonis

273 3770 386 3830 l'Acad.
415 3772 463 3828 des
489 3768 582 3827 Belles
616 3770 731 3828 Lettres.
758 3770 842 3828 Tom.
892 3801 999 3857 nummi
1026 3804 1099 3875 apud
1127 3800 1223 3857 parnt·
1252 3802 1323 3859 Τὼ.
1353 3818 1408 3858 xc·
1435 3810 1466 3857 et

276 3884 389 3923 ΜΠ·
404 3885 432 3939 Ρ·
447 3871 515 3923 ³⁸⁸·
893 3905 1172 3962 xc1.neserventur-;
1194 3896 1290 3951 decem
1310 3894 1384 3969 opud
1406 3894 1464 3950 Mi-

313 3994 324 4025 ³
345 3992 509 4050 Notandum
532 3992 641 4048 videtur
660 3992 689 4048 in
714 3990 843 4047 omnibns
890 3990 1034 4047 orruetium
1047 3992 1148 4068 (Tom.
1168 3989 1192 4047 1.
1206 4009 1234 4064 p.
1252 3990 1339 4065 328.)
1355 4006 1463 4081 memo-

276 4087 391 4145 Gelonis
405 4099 487 4163 atque
503 4086 633 4144 Hieronis
648 4088 771 4145 nummis
784 4086 844 4163 (qui
892 4100 988 4146 rantur
1014 4107 1130 4163 quorum
1149 4086 1239 4143 editur
1258 4103 1328 4140 unus
1349 4084 1377 4140 in
1390 4084 1462 4142 Tnb.

273 4183 374 4241 saltem
408 4202 506 4241 eorum
539 4182 653 4239 nornine
690 4185 844 4258 signentur)
893 4182 1140 4241 nxu111.No.l.
1182 4178 1291 4251 Viginti
1311 4196 1378 4234 cunr
1397 4178 1465 4235 duo·

272 4278 387 4351 longam
402 4277 528 4335 vocalem
546 4302 567 4333 o
584 4295 694 4353 semper
704 4278 843 4353 usurpari.
893 4280 943 4336 bus
971 4276 1104 4333 Hieronis
1130 4292 1262 4331 nummos
1297 4272 1351 4328 hoc
1379 4272 1463 4328 modo

273 4378 410 4429 Attamen
417 4370 545 4428 nullaest
553 4372 652 4429 horurn
662 4390 842 4429 nummorum
891 4374 1010 4441 scriptos
1023 4370 1107 4427 edidit
1121 4370 1235 4425 Parum.
1274 4365 1359 4437 (lab.
1375 4382 1461 4422 xcrr.

273 4467 423 4525 auctoritas
449 4486 513 4524 cum
546 4468 591 4522 diu
627 4476 691 4541 post
726 4465 842 4525 Gelonis
891 4479 920 4526 et
943 4468 1062 4544 xcru.)
1104 4466 1149 4523 Cl.
1174 4464 1313 4521 Mionnet.
1330 4461 1414 4521 Tom.
1436 4462 1460 4518 Ι.

272 4574 353 4640 atque
379 4560 509 4621 Hieronis
542 4566 653 4621 :etatem
685 4564 714 4620 in
744 4582 840 4621 eorum
891 4581 919 4635 p.
944 4568 1015 4620 330.
1044 4560 1115 4618 Tab.
1144 4573 1272 4618 uxurrr.
1295 4552 1353 4615 No.
1381 4560 1409 4623 5,
1429 4552 1458 4611 6.
