3250 5350
604 487 948 538 nnotsuouenu.
1339 469 1375 540 xl

173 641 306 737 ligetur
323 663 473 736 porrnnr
493 637 579 714 illud
594 641 716 716 lumen
731 643 828 739 quod
845 641 965 740 colligi
985 643 1226 738 proculdubio
1242 656 1372 740 potest.

171 771 242 842 Sed
260 773 349 868 quid
369 783 511 845 veteres
537 769 736 846 Historioos
753 771 856 844 dico?
882 774 930 846 ab
948 796 1021 848 uno
1041 773 1242 862 Herodoto,
1269 799 1370 870 quoe·

168 927 315 1000 cunque
333 914 484 998 possunt
499 883 632 1000 colligi,
650 902 771 974 ornnie
788 913 873 974 sunt
889 900 1103 982 haurienda.
1132 901 1370 998 Thucydides

168 1035 265 1108 enirn
297 1035 377 1134 (qui
411 1037 550 1108 utinam
585 1033 652 1106 stbi
683 1035 841 1106 eundern
875 1057 985 1130 quern
1022 1032 1230 1109 Herodotus
1260 1033 1368 1106 linem

169 1169 428 1261 proposuisset)
451 1165 586 1238 seriora
610 1175 762 1250 tanturn,
789 1189 906 1261 eoque
933 1163 1019 1234 sutis
1042 1175 1153 1235 certoe
1176 1162 1273 1248 fidei,
1301 1163 1370 1236 nisi

170 1299 204 1366 in
229 1298 356 1390 paucis
384 1297 484 1368 [a'bri
514 1295 622 1391 primi
646 1295 870 1368 sectionibus
901 1305 1042 1366 tractet.
1095 1291 1178 1366 Nec
1212 1293 1368 1388 cuipiam

169 1437 265 1496 reete
294 1425 464 1498 sentienti
488 1425 668 1498 videbitur
689 1425 890 1500 Diodorum
921 1425 977 1501 vel
1009 1424 1230 1521 Dionysinru
1258 1428 1370 1502 rnulto

169 1553 271 1646 plura
295 1577 403 1648 quern
436 1555 629 1627 hodiernos
651 1555 697 1628 de
721 1565 899 1628 vetustate
924 1556 1126 1654 longinquo
1144 1556 1240 1630 seire
1262 1567 1369 1651 potu·

168 1686 268 1769 issu
310 1686 413 1780 pluro
447 1686 593 1758 ecits'm
628 1709 737 1758 nemo
768 1709 879 1758 senus
908 1689 1119 1763 contendet.
1171 1687 1368 1778 Herodotel

169 1815 354 1913 lnrrngine
387 1816 497 1888 libelli
531 1815 620 1888 nihil
654 1815 818 1900 dulcius;
858 1819 922 1890 sed
957 1819 1081 1892 omniu
1116 1821 1369 1919 cuiuscunque

168 1949 316 2045 generis
340 1948 390 2020 ibi
422 1957 597 2044 congesto
630 1957 716 2018 sunt
737 1959 776 2018 ut
806 1947 875 2020 sibi
906 1948 1062 2044 quisque
1090 1951 1244 2048 eligeret
1271 1955 1368 2050 quod

168 2081 241 2153 veri
271 2079 489 2152 simillimum
516 2078 720 2162 videretur3
748 2079 846 2172 quod
869 2089 908 2152 et
924 2079 1041 2154 aetotie
1066 2095 1105 2156 et
1129 2083 1238 2184 ipsius
1255 2085 1368 2180 scrip-

169 2213 254 2285 toris
304 2210 455 2308 ingenio
498 2207 613 2306 torgis
661 2217 740 2280 erat
777 2231 995 2306 congruunt,
1033 2236 1143 2307 quum
1182 2215 1293 2313 longo
1331 2229 1369 2290 et

167 2341 301 2417 difficili
349 2351 484 2412 conatu
533 2337 720 2411 veritatem
773 2361 905 2412 eruere
951 2352 1064 2438 etque
1111 2353 1199 2416 ente
1244 2345 1367 2420 oculos

168 2477 364 2548 lectorum
387 2493 604 2566 proponere.
659 2467 842 2540 Proeteres
866 2469 897 2538 si
916 2493 1002 2545 vers
1024 2472 1127 2546 initio
1145 2497 1222 2547 sum
1244 2477 1367 2570 gentis

166 2628 331 2703 quaerere
372 2602 580 2676 Herodotus
621 2597 803 2685 voluisset,
845 2611 982 2695 quantu
1022 2601 1056 2673 in
1094 2625 1138 2678 en
1176 2613 1283 2677 aetnte
1320 2607 1365 2679 ed

164 2741 236 2811 tole
270 2760 362 2833 opus
398 2744 496 2806 recte
533 2732 786 2825 exequendum
822 2730 997 2803 deluere!
1041 2733 1180 2808 Deerat
1220 2736 1364 2833 lingue·

164 2896 241 2943 rum
265 2877 399 2963 praeter
417 2861 584 2935 Groecunt
610 2862 735 2933 notitia
761 2864 876 2957 (quod
895 2864 1079 2961 praecipue
1097 2868 1134 2944 in
1158 2867 1212 2939 his
1234 2870 1363 2943 studiis

164 3004 250 3075 utile
274 2998 371 3088 est);
400 2996 525 3067 deerret
547 2992 706 3065 omniurn
736 3016 818 3089 quae
842 2995 888 3066 sd
908 2995 1075 3091 gentiunt
1101 3000 1249 3085 reditus,
1279 3024 1361 3072 vec·

161 3131 298 3230 tigulia,
326 3136 364 3199 et
380 3146 511 3197 census
529 3131 694 3216 spectent
711 3122 877 3207 scientio,
905 3126 1010 3225 quus
1028 3127 1108 3198 sine
1126 3152 1197 3222 ope
1214 3130 1260 3201 de
1277 3142 1359 3205 ortu

161 3274 196 3336 et
222 3280 417 3356 progressu
444 3252 609 3351 gentium
643 3276 749 3324 nenio
776 3262 874 3325 recte
894 3254 1066 3351 judicare
1087 3268 1219 3351 potest.
1264 3260 1358 3349 Qus

160 3392 282 3467 omnio
305 3400 405 3460 certe
428 3383 571 3457 efficere
596 3382 732 3455 debent
756 3393 795 3455 ut
817 3381 865 3454 ab
881 3382 1083 3471 Herodoto,
1113 3388 1159 3459 de
1179 3398 1356 3465 vetustate
1447 3470 1456 3479 ,

158 3524 293 3594 dudnrn
326 3526 413 3587 onte
441 3512 559 3609 ipsum
591 3522 683 3597 octo,
716 3514 844 3585 traditu
871 3514 1017 3589 nonnisi
1044 3539 1184 3591 sunnno
1207 3520 1355 3598 lebendi

161 3666 255 3724 metu
279 3643 512 3740 accipiamus.
565 3642 657 3714 Curn
680 3652 800 3715 autern
826 3644 952 3717 eedem
970 3644 1046 3718 lere
1063 3647 1185 3719 omnin
1207 3674 1290 3745 quae
1308 3652 1354 3723 de

159 3776 339 3853 Herodoti
358 3771 581 3868 temporibus
599 3773 670 3843 dixi
689 3773 735 3845 de
754 3773 908 3848 Diodori
924 3787 1036 3872 etque
1055 3777 1223 3877 Dionysii
1247 3794 1353 3857 oetute

158 3932 304 4007 qnoque
322 3928 409 3977 vere
436 3904 507 3982 dici
536 3902 686 3997 possint,
718 3902 805 3999 quid
831 3904 945 4001 tnagis
962 3907 1150 3984 ridiculum
1176 3936 1282 4007 quom
1304 3916 1352 3989 ab

158 4046 209 4116 tris
227 4048 424 4136 expectere
442 4057 524 4130 quae
542 4033 675 4106 frustra
697 4032 734 4105 in
756 4030 816 4105 illo
837 4034 1007 4129 peteres?

230 4170 304 4249 Sed
328 4166 376 4239 ed
399 4186 473 4237 rent
500 4162 623 4235 redeo.
674 4160 761 4235 Nec
785 4172 905 4237 tomen
927 4190 949 4237 e
971 4170 1118 4265 proprio
1141 4196 1251 4269 scopo
1268 4185 1349 4249 ten·

158 4316 230 4379 turn
244 4302 435 4374 abemus
453 4294 554 4391 piget
572 4316 654 4368 curn
674 4292 720 4365 ito
736 4292 921 4389 meipsum,
940 4298 1002 4393 qui
1021 4300 1066 4371 de
1084 4299 1194 4373 literis
1208 4304 1349 4378 Graecis

157 4436 347 4519 disserens,
392 4423 665 4511 Deucalionem,
709 4424 897 4521 Pyrrham,
930 4427 1175 4526 Catoclysnros
1207 4458 1346 4521 omnes,
