3250 5350
108 523 217 588 lsscs.
245 514 300 590 V.]
668 522 732 582 1³1

108 711 223 760 nomen
258 688 297 760 in
338 709 515 760 marmore
555 687 758 786 legeremus
800 709 848 760 ne
878 683 1015 758 scilieet
1049 681 1130 758 lraec
1166 681 1284 756 Heca·

106 819 212 892 nobe
245 843 328 892 cum
363 818 423 892 illa
452 817 722 902 Panathenaiea
753 817 1047 892 confunderetur.
1099 816 1173 889 Sed
1203 841 1286 912 pro-

106 950 186 1025 lecto
216 953 373 1027 dubitari
407 963 525 1050 potest
553 979 600 1026 an
636 952 861 1028 Hecatombe
896 953 932 1026 in
969 950 1049 1024 ullis
1072 949 1152 1024 aliis
1179 950 1288 1022 sacris

105 1081 332 1162 Athenienses
356 1080 410 1157 usi
435 1083 519 1158 sint.
571 1085 626 1158 Ex
651 1083 905 1181 Aristophanis
922 1080 1146 1156 Scholiaste¹
1175 1091 1286 1176 patet,

107 1216 220 1288 multos
250 1217 362 1290 boves
397 1215 724 1292 Panathanaeornm
753 1227 916 1312 tempore
948 1212 1111 1308 undique
1143 1219 1288 1286 coactos

106 1369 181 1433 esse,
209 1353 251 1418 nt
279 1345 408 1442 optimi
435 1347 469 1419 in
501 1347 595 1420 hanc
622 1345 874 1420 Hecatomben
905 1344 1145 1442 eligerentur.
1194 1343 1287 1414 Com

106 1473 133 1544 lri
156 1484 303 1547 cantum
335 1473 446 1548 boves
479 1474 643 1572 quinque
676 1473 833 1546 millibus
867 1481 1012 1544 centum
1047 1481 1086 1542 et
1117 1481 1289 1568 quatuor·

106 1603 208 1677 decim
227 1605 405 1678 drachmis
428 1613 647 1694 emerentur,
674 1605 807 1702 cuique
824 1604 979 1702 pretinm
998 1603 1116 1702 paullo
1133 1601 1288 1700 amplius
1370 1651 1373 1657 -

106 1735 362 1835 quinquaginta
378 1747 415 1809 et
431 1761 504 1812 una
518 1737 696 1811 drachmis
712 1747 801 1814 erat,
845 1736 917 1810 Sed
936 1737 1087 1836 triginta
1098 1749 1137 1813 ,et
1152 1747 1288 1833 septem

107 1879 218 1962 postea
252 1869 371 1958 annis,
407 1869 508 1944 bovis
543 1860 695 1966 pretinm
731 1869 917 1968 octoginta
955 1868 1134 1950 drachmis
1168 1866 1290 1964 paullo

108 1997 238 2076 miuus²
265 2025 358 2088 esse,
385 2025 407 2074 a
433 2025 608 2074 marmore
634 1999 870 2076 Sandvicensi
897 2001 984 2073 satis
1008 2011 1120 2096 patet.

170 2133 439 2230 Aspimtionem
462 2145 547 2206 ante
569 2157 694 2206 vocem
718 2135 896 2226 ἑκατόμβη
916 2133 1033 2211 omitti
1055 2157 1162 2208 nemo
1185 2132 1291 2206 mire·

107 2271 164 2350 tur,
185 2262 319 2360 saepius
334 2261 431 2334 enirn
451 2285 561 2360 quum
580 2263 617 2337 in
641 2262 798 2336 hostum
817 2262 854 2334 in
868 2261 948 2338 aliis
967 2263 1203 2336 marmoribus
1218 2264 1291 2336 lac-

107 2403 198 2466 tum·
237 2393 346 2485 Quod
369 2417 492 2467 vocem
515 2401 707 2482 strator
729 2394 870 2479 attinet,
907 2393 1310 2494 Elinsleinssconjicit‘

108 2537 314 2616 aetram,
341 2527 450 2625 quod,
477 2527 507 2598 si
545 2528 674 2600 duetus
704 2527 888 2600 literarum
925 2537 1078 2623 spectes,
1104 2527 1199 2599 bene
1231 2521 1310 2600 ex?

38 2738 41 2743 ,
107 2661 311 2759 eogitatum.
365 2659 416 2735 Et
438 2661 486 2734 ita
504 2660 604 2745 dedit
624 2661 821 2751 Biiclshius,
849 2659 1082 2760 Diogenem*
1104 2661 1294 2753 advocans,

108 2792 192 2863 unde
217 2792 383 2890 Gryllum
412 2792 669 2889 Xenophontis
692 2804 827 2889 patrem
854 2818 876 2867 e
902 2792 1049 2890 populo,
1075 2794 1133 2865 cui
1160 2818 1290 2865 nomen

100 2913 245 3019 Ἐρχεια,
296 2920 409 2995 fuisse
459 2930 571 3019 patet.
635 2922 708 3001 Sed
755 2921 831 3017 ipse
876 2944 994 3017 nuper
1033 2922 1068 2993 in
1116 2946 1294 2996 marmore

106 3032 292 3133 thttOl
330 3051 524 3149 perspicuo
550 3052 634 3125 vidi.
685 3049 736 3123 Et
774 3052 939 3147 profecto
971 3050 1062 3123 nilril
1096 3062 1152 3123 est
1182 3075 1293 3149 quare

106 3180 232 3256 dehoc
250 3181 399 3256 nornine
417 3182 632 3271 dubitemus,
659 3203 741 3253 eum
770 3182 856 3255 satis
879 3191 1005 3253 notum
1030 3181 1086 3253 sit.
1133 3182 1294 3278 Diyllnm

106 3316 311 3389 statuarium
336 3326 510 3389 memorat
536 3315 734 3388 Pausanias
748 3316 773 3386 ⁵.

175 3450 288 3522 Pars.
312 3448 385 3521 ΙΙΙ.
430 3447 503 3539 Qui
526 3446 561 3519 in
594 3450 663 3520 hac
690 3445 863 3545 Prytanis
884 3456 1103 3519 memoratur
1124 3444 1294 3536 Pericles,

105 3576 195 3649 lilius
227 3588 307 3652 erat
340 3578 490 3653 Periclis
521 3578 616 3651 illius
645 3578 751 3651 facila
782 3576 1058 3653 Atheniensium
1090 3576 1297 3675 principis⁸.

105 3702 163 3781 De
184 3707 373 3781 Hermone
399 3709 556 3804 quodam
582 3710 708 3781 eodem
729 3708 852 3782 forsan
870 3706 992 3780 acillo
1013 3706 1073 3781 hie
1091 3717 1298 3795 memorato,

103 3835 212 3910 multa
238 3838 341 3911 multi
358 3840 383 3912 ⁷.
435 3838 550 3936 Pylos
575 3865 598 3911 a
619 3836 918 3925 lacedaemoniis,
944 3838 1130 3919 Archonte
1155 3836 1297 3927 Dioole,

139 4164 149 4195 ¹
175 4158 270 4221 Schol.
289 4160 436 4237 Aristoph.
452 4162 529 4223 Nub.
544 4168 614 4229 385,
765 4160 777 4192 ⁵
799 4162 922 4221 Pausan.
936 4160 976 4221 X.
993 4166 1040 4224 13,

136 4254 152 4285 ²
175 4254 270 4315 Multa
296 4258 331 4314 de
357 4258 401 4315 his
429 4260 510 4317 rebus
538 4260 676 4333 congessit
766 4258 935 4318 ‘Cl.Xen.
951 4258 1110 4321 Memlll.
1126 4263 1153 4317 5.

98 4350 245 4409 Boethius
258 4350 343 4413 Torn.
358 4352 381 4409 l.
396 4372 424 4428 p.
440 4358 487 4411 80.
503 4373 544 4429 aq.
565 4354 641 4429 (Lib.
654 4354 675 4412 l.
769 4356 779 4389 ⁷
800 4354 846 4411 Cl.
856 4354 984 4429 Thucyd.
1000 4360 1204 4423 v111.89.92.
1226 4353 1299 4413 Plut.

99 4452 202 4521 §.Ital
728 4453 755 4509 in
772 4451 865 4509 Alcib.
879 4452 962 4509 Tom.
978 4452 1002 4507 l.
1029 4471 1057 4525 p.
1071 4457 1140 4510 905.
1156 4451 1190 4511 C.
1233 4452 1301 4527 Lys.

138 4542 152 4573 ⁸
179 4545 253 4603 Mus.
268 4544 343 4603 Crit.
358 4544 443 4603 Tom.
458 4547 481 4605 l.
505 4566 532 4621 p.
547 4544 615 4625 369,
729 4548 756 4603 in
772 4549 860 4621 rigor.
875 4567 903 4621 p.
917 4553 985 4606 258.
1026 4545 1146 4624 Lycurg.
1160 4549 1189 4604 in
1203 4548 1302 4605 Leocr.

140 4640 154 4721 ff
181 4640 264 4721 Diog.
280 4643 373 4701 Laert.
389 4644 427 4703 ll.
441 4650 492 4702 ts.
729 4664 755 4716 p.
774 4640 839 4700 164.
861 4642 923 4700 Liba
939 4642 992 4699 lV.
1015 4641 1068 4699 Ed.
1084 4642 1182 4717 Staplr.
1303 4705 1311 4723 ι
