<?xml version="1.0" encoding="UTF-8"?>
<!DOCTYPE html PUBLIC "-//W3C//DTD XHTML 1.0 Transitional//EN"
    "http://www.w3.org/TR/xhtml1/DTD/xhtml1-transitional.dtd">
<html xmlns="http://www.w3.org/1999/xhtml" xml:lang="en" lang="en">
 <head>
  <title>
</title>
<meta http-equiv="Content-Type" content="text/html;charset=utf-8" />
  <meta name='ocr-system' content='tesseract 3.04.00' />
  <meta name='ocr-capabilities' content='ocr_page ocr_carea ocr_par ocr_line ocrx_word'/>
</head>
<body>
  <div class='ocr_page' id='page_1' title='image "./inscriptionesgr01rosegoog_0529.png"; bbox 0 0 3250 5350; ppageno 0'>
   <div class='ocr_carea' id='block_1_1' title="bbox 894 504 1516 588">
    <p class='ocr_par' dir='ltr' id='par_1_1' title="bbox 894 504 1516 588">
     <span class='ocr_line' id='line_1_1' title="bbox 894 504 1516 588; baseline 0.006 -25"><span class='ocrx_word' id='word_1_1' title='bbox 894 506 966 565; x_wconf 80' lang='lat'><strong>328</strong></span> <span class='ocrx_word' id='word_1_2' title='bbox 1292 504 1442 588; x_wconf 72' lang='lat' dir='ltr'><strong>[Cures.</strong></span> <span class='ocrx_word' id='word_1_3' title='bbox 1466 507 1516 567; x_wconf 81' lang='lat' dir='ltr'><strong>l&#39;l.</strong></span> 
     </span>
    </p>
   </div>
   <div class='ocr_carea' id='block_1_2' title="bbox 400 668 1041 753">
    <p class='ocr_par' dir='ltr' id='par_1_2' title="bbox 400 668 1041 753">
     <span class='ocr_line' id='line_1_2' title="bbox 400 668 1041 753; baseline -0.002 -14"><span class='ocrx_word' id='word_1_4' title='bbox 400 668 484 739; x_wconf 81' lang='lat' dir='ltr'><strong>lam</strong></span> <span class='ocrx_word' id='word_1_5' title='bbox 509 668 804 739; x_wconf 87' lang='lat' dir='ltr'><strong>Grubbisicbium</strong></span> <span class='ocrx_word' id='word_1_6' title='bbox 832 668 1041 753; x_wconf 79' lang='lat' dir='ltr'><strong>audiemus3</strong></span> 
     </span>
    </p>
   </div>
   <div class='ocr_carea' id='block_1_3' title="bbox 375 794 1461 883">
    <p class='ocr_par' dir='ltr' id='par_1_3' title="bbox 375 794 1461 883">
     <span class='ocr_line' id='line_1_3' title="bbox 375 794 1461 883; baseline 0.003 -15"><span class='ocrx_word' id='word_1_7' title='bbox 375 796 513 868; x_wconf 77' lang='grc' dir='ltr'>Παιδιων</span> <span class='ocrx_word' id='word_1_8' title='bbox 537 796 757 867; x_wconf 76' lang='grc' dir='ltr'>ε’κπιδαοντων</span> <span class='ocrx_word' id='word_1_9' title='bbox 778 794 908 879; x_wconf 70' lang='lat' dir='ltr'><strong>detonat</strong></span> <span class='ocrx_word' id='word_1_10' title='bbox 935 830 979 867; x_wconf 83' lang='grc' dir='ltr'><strong>το</strong></span> <span class='ocrx_word' id='word_1_11' title='bbox 1005 794 1109 873; x_wconf 76' lang='lat' dir='ltr'><strong>(lanan</strong></span> <span class='ocrx_word' id='word_1_12' title='bbox 1136 831 1200 880; x_wconf 85' lang='grc' dir='ltr'><strong>πη.</strong></span> <span class='ocrx_word' id='word_1_13' title='bbox 1217 800 1292 877; x_wconf 77' lang='grc' dir='ltr'>.ἑμε</span> <span class='ocrx_word' id='word_1_14' title='bbox 1317 800 1461 883; x_wconf 62' lang='lat' dir='ltr'><strong>dnobus</strong></span> 
     </span>
    </p>
   </div>
   <div class='ocr_carea' id='block_1_4' title="bbox 372 914 1366 1007">
    <p class='ocr_par' dir='ltr' id='par_1_4' title="bbox 372 914 1366 1007">
     <span class='ocr_line' id='line_1_4' title="bbox 372 914 1366 1007; baseline 0 -24"><span class='ocrx_word' id='word_1_15' title='bbox 372 922 440 985; x_wconf 86' lang='grc' dir='ltr'><strong>Μοι</strong></span> <span class='ocrx_word' id='word_1_16' title='bbox 467 916 498 983; x_wconf 76' lang='grc' dir='ltr'><strong>τ’</strong></span> <span class='ocrx_word' id='word_1_17' title='bbox 525 914 573 1007; x_wconf 77' lang='grc' dir='ltr'><strong>αρ’</strong></span> <span class='ocrx_word' id='word_1_18' title='bbox 599 914 822 991; x_wconf 77' lang='grc' dir='ltr'>ε’πευκιωμενοι</span> <span class='ocrx_word' id='word_1_19' title='bbox 849 946 892 983; x_wconf 87' lang='grc' dir='ltr'><strong>το</strong></span> <span class='ocrx_word' id='word_1_20' title='bbox 917 923 1045 983; x_wconf 83' lang='grc' dir='ltr'>τετελα</span> <span class='ocrx_word' id='word_1_21' title='bbox 1072 914 1104 985; x_wconf 73' lang='grc' dir='ltr'><strong>ἓν</strong></span> <span class='ocrx_word' id='word_1_22' title='bbox 1129 946 1242 1007; x_wconf 78' lang='grc' dir='ltr'>μετρῳ</span> <span class='ocrx_word' id='word_1_23' title='bbox 1267 948 1366 985; x_wconf 83' lang='grc' dir='ltr'><strong><em>πνων.</em></strong></span> 
     </span>
    </p>
   </div>
   <div class='ocr_carea' id='block_1_5' title="bbox 321 1050 1516 1247">
    <p class='ocr_par' dir='ltr' id='par_1_5' title="bbox 321 1050 1516 1247">
     <span class='ocr_line' id='line_1_5' title="bbox 321 1050 1471 1131; baseline 0 -18"><span class='ocrx_word' id='word_1_24' title='bbox 321 1050 495 1113; x_wconf 89' lang='lat' dir='ltr'><strong>Puerorum</strong></span> <span class='ocrx_word' id='word_1_25' title='bbox 524 1050 701 1113; x_wconf 78' lang='lat' dir='ltr'><strong>saltantium</strong></span> <span class='ocrx_word' id='word_1_26' title='bbox 731 1050 868 1113; x_wconf 81' lang='lat' dir='ltr'><strong>sustineo</strong></span> <span class='ocrx_word' id='word_1_27' title='bbox 895 1051 973 1113; x_wconf 80' lang='lat' dir='ltr'><strong>bonc&#39;</strong></span> <span class='ocrx_word' id='word_1_28' title='bbox 1000 1051 1220 1131; x_wconf 76' lang='lat' dir='ltr'><strong>defatigantem</strong></span> <span class='ocrx_word' id='word_1_29' title='bbox 1247 1074 1297 1111; x_wconf 87' lang='lat' dir='ltr'><strong>rne</strong></span> <span class='ocrx_word' id='word_1_30' title='bbox 1324 1052 1471 1113; x_wconf 82' lang='lat' dir='ltr'>choream</span> 
     </span>
     <span class='ocr_line' id='line_1_6' title="bbox 321 1162 1516 1247; baseline -0.002 -21"><span class='ocrx_word' id='word_1_31' title='bbox 321 1163 464 1247; x_wconf 84' lang='lat' dir='ltr'>Mihique</span> <span class='ocrx_word' id='word_1_32' title='bbox 485 1163 617 1246; x_wconf 89' lang='lat' dir='ltr'><strong>pedibus</strong></span> <span class='ocrx_word' id='word_1_33' title='bbox 636 1168 713 1225; x_wconf 90' lang='lat' dir='ltr'><strong>bene</strong></span> <span class='ocrx_word' id='word_1_34' title='bbox 730 1165 962 1247; x_wconf 81' lang='lat' dir='ltr'><strong>obstrepentem</strong></span> <span class='ocrx_word' id='word_1_35' title='bbox 977 1162 1096 1245; x_wconf 85' lang='lat' dir='ltr'><strong>perfeci</strong></span> <span class='ocrx_word' id='word_1_36' title='bbox 1114 1166 1151 1224; x_wconf 82' lang='lat' dir='ltr'><strong>ad</strong></span> <span class='ocrx_word' id='word_1_37' title='bbox 1168 1186 1305 1225; x_wconf 83' lang='lat' dir='ltr'><strong>normam</strong></span> <span class='ocrx_word' id='word_1_38' title='bbox 1321 1164 1415 1226; x_wconf 86' lang='lat' dir='ltr'><strong>metri</strong></span> <span class='ocrx_word' id='word_1_39' title='bbox 1433 1166 1516 1225; x_wconf 80' lang='lat' dir='ltr'><strong>flans.</strong></span> 
     </span>
    </p>
   </div>
   <div class='ocr_carea' id='block_1_6' title="bbox 321 1283 1514 2243">
    <p class='ocr_par' dir='ltr' id='par_1_6' title="bbox 321 1283 1514 1639">
     <span class='ocr_line' id='line_1_7' title="bbox 395 1283 1514 1377; baseline 0.002 -22"><span class='ocrx_word' id='word_1_40' title='bbox 395 1283 543 1355; x_wconf 82' lang='lat' dir='ltr'>Nullam</span> <span class='ocrx_word' id='word_1_41' title='bbox 584 1284 718 1354; x_wconf 88' lang='lat' dir='ltr'><strong>scilicet</strong></span> <span class='ocrx_word' id='word_1_42' title='bbox 761 1294 919 1354; x_wconf 88' lang='lat' dir='ltr'><strong>veterem</strong></span> <span class='ocrx_word' id='word_1_43' title='bbox 962 1284 1246 1377; x_wconf 81' lang='lat' dir='ltr'><strong>inscriptionem,</strong></span> <span class='ocrx_word' id='word_1_44' title='bbox 1289 1293 1329 1353; x_wconf 89' lang='lat' dir='ltr'><strong>ut</strong></span> <span class='ocrx_word' id='word_1_45' title='bbox 1361 1284 1514 1359; x_wconf 83' lang='lat' dir='ltr'><strong>videtur,</strong></span> 
     </span>
     <span class='ocr_line' id='line_1_8' title="bbox 322 1411 1512 1517; baseline -0.002 -32"><span class='ocrx_word' id='word_1_46' title='bbox 322 1414 407 1486; x_wconf 89' lang='lat' dir='ltr'><strong>boni</strong></span> <span class='ocrx_word' id='word_1_47' title='bbox 435 1416 491 1485; x_wconf 87' lang='lat' dir='ltr'><strong>isti</strong></span> <span class='ocrx_word' id='word_1_48' title='bbox 519 1415 732 1485; x_wconf 84' lang='lat' dir='ltr'><strong>Zannettins</strong></span> <span class='ocrx_word' id='word_1_49' title='bbox 763 1424 808 1517; x_wconf 39' lang='lat' dir='ltr'><strong>et·</strong></span> <span class='ocrx_word' id='word_1_50' title='bbox 827 1411 1106 1484; x_wconf 88' lang='lat' dir='ltr'><strong>Grubbisicbius</strong></span> <span class='ocrx_word' id='word_1_51' title='bbox 1137 1414 1311 1498; x_wconf 84' lang='lat' dir='ltr'><strong>viderant,</strong></span> <span class='ocrx_word' id='word_1_52' title='bbox 1344 1414 1512 1507; x_wconf 76' lang='lat' dir='ltr'><strong>sistiquss</strong></span> 
     </span>
     <span class='ocr_line' id='line_1_9' title="bbox 321 1545 996 1639; baseline -0.001 -27"><span class='ocrx_word' id='word_1_53' title='bbox 321 1555 419 1616; x_wconf 88' lang='lat' dir='ltr'><strong>certe</strong></span> <span class='ocrx_word' id='word_1_54' title='bbox 444 1546 563 1615; x_wconf 81' lang='lat' dir='ltr'><strong>litenis</strong></span> <span class='ocrx_word' id='word_1_55' title='bbox 589 1545 712 1639; x_wconf 88' lang='lat' dir='ltr'><strong>legere</strong></span> <span class='ocrx_word' id='word_1_56' title='bbox 739 1567 809 1612; x_wconf 90' lang='lat' dir='ltr'><strong>non</strong></span> <span class='ocrx_word' id='word_1_57' title='bbox 835 1552 996 1636; x_wconf 86' lang='lat' dir='ltr'><strong>potuere.</strong></span> 
     </span>
    </p>

    <p class='ocr_par' dir='ltr' id='par_1_7' title="bbox 396 1655 1191 1753">
     <span class='ocr_line' id='line_1_10' title="bbox 396 1655 1191 1753; baseline 0.001 -16"><span class='ocrx_word' id='word_1_58' title='bbox 396 1666 543 1751; x_wconf 88' lang='lat' dir='ltr'><strong>Melius,</strong></span> <span class='ocrx_word' id='word_1_59' title='bbox 572 1670 633 1737; x_wconf 88' lang='lat' dir='ltr'><strong>sed</strong></span> <span class='ocrx_word' id='word_1_60' title='bbox 660 1669 705 1736; x_wconf 86' lang='lat' dir='ltr'><strong>ad</strong></span> <span class='ocrx_word' id='word_1_61' title='bbox 730 1655 836 1737; x_wconf 86' lang='lat' dir='ltr'><strong>linem</strong></span> <span class='ocrx_word' id='word_1_62' title='bbox 865 1655 957 1737; x_wconf 88' lang='lat' dir='ltr'><strong>male</strong></span> <span class='ocrx_word' id='word_1_63' title='bbox 980 1667 1191 1753; x_wconf 88' lang='lat' dir='ltr'><strong>Corsinius;</strong></span> 
     </span>
    </p>

    <p class='ocr_par' dir='ltr' id='par_1_8' title="bbox 370 1796 1477 2243">
     <span class='ocr_line' id='line_1_11' title="bbox 459 1796 1396 1903; baseline 0.006 -35"><span class='ocrx_word' id='word_1_64' title='bbox 459 1808 530 1869; x_wconf 81' lang='grc' dir='ltr'><strong>Παῐ</strong></span> <span class='ocrx_word' id='word_1_65' title='bbox 556 1800 636 1903; x_wconf 75' lang='lat' dir='ltr'><strong>Arde</strong></span> <span class='ocrx_word' id='word_1_66' title='bbox 661 1800 843 1894; x_wconf 81' lang='grc' dir='ltr'>Ἐκφάντοι</span> <span class='ocrx_word' id='word_1_67' title='bbox 869 1797 958 1890; x_wconf 67' lang='grc' dir='ltr'><strong><em>δέξαι</em></strong></span> <span class='ocrx_word' id='word_1_68' title='bbox 982 1796 1052 1870; x_wconf 76' lang='grc' dir='ltr'>τόδ’</span> <span class='ocrx_word' id='word_1_69' title='bbox 1076 1802 1225 1896; x_wconf 69' lang='grc' dir='ltr'>ἀμεμφὲς</span> <span class='ocrx_word' id='word_1_70' title='bbox 1250 1800 1396 1892; x_wconf 68' lang='grc' dir='ltr'>ἄγαλμα</span> 
     </span>
     <span class='ocr_line' id='line_1_12' title="bbox 461 1912 1352 2011; baseline 0.001 -26"><span class='ocrx_word' id='word_1_71' title='bbox 461 1918 517 1985; x_wconf 67' lang='grc' dir='ltr'><strong>Σοὶ</strong></span> <span class='ocrx_word' id='word_1_72' title='bbox 543 1916 616 2010; x_wconf 72' lang='grc' dir='ltr'><strong>Ὑᾶρ</strong></span> <span class='ocrx_word' id='word_1_73' title='bbox 641 1916 861 2010; x_wconf 79' lang='grc' dir='ltr'>ἐπευχόμενος</span> <span class='ocrx_word' id='word_1_74' title='bbox 887 1916 948 1985; x_wconf 82' lang='grc' dir='ltr'><strong>τόν</strong></span> <span class='ocrx_word' id='word_1_75' title='bbox 974 1948 1014 1983; x_wconf 84' lang='grc' dir='ltr'><strong>τε</strong></span> <span class='ocrx_word' id='word_1_76' title='bbox 1036 1912 1184 1986; x_wconf 69' lang='grc' dir='ltr'>τέλεσσε</span> <span class='ocrx_word' id='word_1_77' title='bbox 1212 1917 1352 2011; x_wconf 75' lang='grc' dir='ltr'><strong><em>τροφόν.</em></strong></span> 
     </span>
     <span class='ocr_line' id='line_1_13' title="bbox 371 2040 1477 2133; baseline 0.002 -22"><span class='ocrx_word' id='word_1_78' title='bbox 371 2050 427 2112; x_wconf 88' lang='lat' dir='ltr'><strong>Fili</strong></span> <span class='ocrx_word' id='word_1_79' title='bbox 451 2049 539 2113; x_wconf 85' lang='lat' dir='ltr'><strong>Jovis</strong></span> <span class='ocrx_word' id='word_1_80' title='bbox 567 2050 690 2133; x_wconf 79' lang='lat' dir='ltr'><strong>suscipe</strong></span> <span class='ocrx_word' id='word_1_81' title='bbox 716 2050 756 2112; x_wconf 83' lang='lat' dir='ltr'><strong>ab</strong></span> <span class='ocrx_word' id='word_1_82' title='bbox 785 2048 947 2133; x_wconf 82' lang='lat' dir='ltr'><strong>Ecpltonto</strong></span> <span class='ocrx_word' id='word_1_83' title='bbox 976 2050 1033 2111; x_wconf 83' lang='lat' dir='ltr'><strong>lioc</strong></span> <span class='ocrx_word' id='word_1_84' title='bbox 1060 2040 1324 2132; x_wconf 77' lang='lat' dir='ltr'><strong>irreprehensibile</strong></span> <span class='ocrx_word' id='word_1_85' title='bbox 1352 2074 1477 2119; x_wconf 76' lang='lat' dir='ltr'><strong>munus,</strong></span> 
     </span>
     <span class='ocr_line' id='line_1_14' title="bbox 370 2160 1246 2243; baseline 0.005 -20"><span class='ocrx_word' id='word_1_86' title='bbox 370 2161 445 2224; x_wconf 91' lang='lat' dir='ltr'><strong>Tibi</strong></span> <span class='ocrx_word' id='word_1_87' title='bbox 471 2161 551 2223; x_wconf 89' lang='lat' dir='ltr'><strong>enim</strong></span> <span class='ocrx_word' id='word_1_88' title='bbox 578 2160 756 2243; x_wconf 83' lang='lat' dir='ltr'><strong>supplicans</strong></span> <span class='ocrx_word' id='word_1_89' title='bbox 784 2172 872 2223; x_wconf 84' lang='lat' dir='ltr'><strong>tuum</strong></span> <span class='ocrx_word' id='word_1_90' title='bbox 898 2160 1027 2224; x_wconf 82' lang='lat' dir='ltr'><strong>absolsit</strong></span> <span class='ocrx_word' id='word_1_91' title='bbox 1052 2163 1246 2228; x_wconf 74' lang='lat' dir='ltr'><strong>sintritorem.</strong></span> 
     </span>
    </p>
   </div>
   <div class='ocr_carea' id='block_1_7' title="bbox 319 2246 1517 2636">
    <p class='ocr_par' dir='ltr' id='par_1_9' title="bbox 319 2246 1517 2636">
     <span class='ocr_line' id='line_1_15' title="bbox 394 2246 1514 2357; baseline 0 0"><span class='ocrx_word' id='word_1_92' title='bbox 394 2285 486 2357; x_wconf 84' lang='lat' dir='ltr'><strong>Haec</strong></span> <span class='ocrx_word' id='word_1_93' title='bbox 518 2284 627 2355; x_wconf 80' lang='lat' dir='ltr'><strong>verbe</strong></span> <span class='ocrx_word' id='word_1_94' title='bbox 660 2285 705 2355; x_wconf 86' lang='lat' dir='ltr'><strong>ad</strong></span> <span class='ocrx_word' id='word_1_95' title='bbox 737 2284 837 2355; x_wconf 86' lang='lat' dir='ltr'><strong>basin</strong></span> <span class='ocrx_word' id='word_1_96' title='bbox 874 2294 1001 2355; x_wconf 87' lang='lat' dir='ltr'><strong>ststnae</strong></span> <span class='ocrx_word' id='word_1_97' title='bbox 1036 2283 1148 2355; x_wconf 88' lang='lat' dir='ltr'><strong>Sileni</strong></span> <span class='ocrx_word' id='word_1_98' title='bbox 1184 2246 1341 2355; x_wconf 22' lang='lat' dir='ltr'><strong>Baccho·</strong></span> <span class='ocrx_word' id='word_1_99' title='bbox 1361 2298 1514 2357; x_wconf 78' lang='lat' dir='ltr'><strong>socratis</strong></span> 
     </span>
     <span class='ocr_line' id='line_1_16' title="bbox 321 2409 1517 2507; baseline -0.001 -23"><span class='ocrx_word' id='word_1_100' title='bbox 321 2424 357 2485; x_wconf 92' lang='lat' dir='ltr'><strong>et</strong></span> <span class='ocrx_word' id='word_1_101' title='bbox 391 2412 437 2482; x_wconf 87' lang='lat' dir='ltr'><strong>sb</strong></span> <span class='ocrx_word' id='word_1_102' title='bbox 483 2411 673 2505; x_wconf 88' lang='lat' dir='ltr'><strong>Ecpbsnto</strong></span> <span class='ocrx_word' id='word_1_103' title='bbox 720 2409 885 2481; x_wconf 86' lang='lat' dir='ltr'><strong>confictae</strong></span> <span class='ocrx_word' id='word_1_104' title='bbox 933 2409 1064 2505; x_wconf 88' lang='lat' dir='ltr'><strong>scripta</strong></span> <span class='ocrx_word' id='word_1_105' title='bbox 1114 2419 1151 2480; x_wconf 89' lang='lat' dir='ltr'><strong>et</strong></span> <span class='ocrx_word' id='word_1_106' title='bbox 1194 2411 1250 2481; x_wconf 89' lang='lat' dir='ltr'><strong>Ol.</strong></span> <span class='ocrx_word' id='word_1_107' title='bbox 1290 2436 1348 2483; x_wconf 77' lang='lat' dir='ltr'><strong>tx.</strong></span> <span class='ocrx_word' id='word_1_108' title='bbox 1398 2414 1517 2507; x_wconf 85' lang='lat' dir='ltr'><strong>posita</strong></span> 
     </span>
     <span class='ocr_line' id='line_1_17' title="bbox 319 2537 1517 2636; baseline -0.002 -21"><span class='ocrx_word' id='word_1_109' title='bbox 319 2567 398 2615; x_wconf 89' lang='lat' dir='ltr'><strong>esse</strong></span> <span class='ocrx_word' id='word_1_110' title='bbox 426 2550 538 2636; x_wconf 84' lang='lat' dir='ltr'><strong>putat.</strong></span> <span class='ocrx_word' id='word_1_111' title='bbox 579 2540 716 2611; x_wconf 82' lang='lat' dir='ltr'><strong>Contra</strong></span> <span class='ocrx_word' id='word_1_112' title='bbox 750 2537 896 2610; x_wconf 85' lang='lat' dir='ltr'><strong>clamat¹</strong></span> <span class='ocrx_word' id='word_1_113' title='bbox 936 2539 1114 2611; x_wconf 88' lang='lat' dir='ltr'><strong>stierns</strong></span> <span class='ocrx_word' id='word_1_114' title='bbox 1147 2538 1316 2610; x_wconf 85' lang='lat' dir='ltr'><strong>Mattbaei</strong></span> <span class='ocrx_word' id='word_1_115' title='bbox 1348 2542 1413 2635; x_wconf 90' lang='lat' dir='ltr'><strong>qui</strong></span> <span class='ocrx_word' id='word_1_116' title='bbox 1447 2566 1517 2613; x_wconf 91' lang='lat' dir='ltr'><strong>nec</strong></span> 
     </span>
    </p>
   </div>
   <div class='ocr_carea' id='block_1_8' title="bbox 316 2644 1519 3149">
    <p class='ocr_par' dir='ltr' id='par_1_10' title="bbox 316 2644 1519 3149">
     <span class='ocr_line' id='line_1_18' title="bbox 318 2644 1518 2772; baseline -0.002 -28"><span class='ocrx_word' id='word_1_117' title='bbox 318 2673 480 2744; x_wconf 88' lang='lat' dir='ltr'><strong>Homero</strong></span> <span class='ocrx_word' id='word_1_118' title='bbox 497 2695 564 2741; x_wconf 91' lang='lat' dir='ltr'><strong>nec</strong></span> <span class='ocrx_word' id='word_1_119' title='bbox 579 2668 743 2742; x_wconf 88' lang='lat' dir='ltr'><strong>Hesiodo</strong></span> <span class='ocrx_word' id='word_1_120' title='bbox 761 2667 817 2772; x_wconf 84' lang='lat' dir='ltr'><strong>vel</strong></span> <span class='ocrx_word' id='word_1_121' title='bbox 841 2667 1023 2739; x_wconf 85' lang='lat' dir='ltr'><strong>Bacchum</strong></span> <span class='ocrx_word' id='word_1_122' title='bbox 1043 2644 1100 2740; x_wconf 85' lang='lat' dir='ltr'><strong>vel</strong></span> <span class='ocrx_word' id='word_1_123' title='bbox 1114 2666 1275 2740; x_wconf 85' lang='lat' dir='ltr'><strong>Silenum</strong></span> <span class='ocrx_word' id='word_1_124' title='bbox 1289 2681 1413 2740; x_wconf 92' lang='lat' dir='ltr'><strong>notum</strong></span> <span class='ocrx_word' id='word_1_125' title='bbox 1434 2695 1518 2742; x_wconf 84' lang='lat' dir='ltr'><strong>esse</strong></span> 
     </span>
     <span class='ocr_line' id='line_1_19' title="bbox 317 2799 1517 2896; baseline -0.001 -23"><span class='ocrx_word' id='word_1_126' title='bbox 317 2805 431 2872; x_wconf 91' lang='lat' dir='ltr'><strong>docet.</strong></span> <span class='ocrx_word' id='word_1_127' title='bbox 475 2801 581 2887; x_wconf 86' lang='lat' dir='ltr'><strong>Quod</strong></span> <span class='ocrx_word' id='word_1_128' title='bbox 603 2824 725 2872; x_wconf 89' lang='lat' dir='ltr'><strong>verum</strong></span> <span class='ocrx_word' id='word_1_129' title='bbox 753 2810 819 2883; x_wconf 90' lang='lat' dir='ltr'><strong>est,</strong></span> <span class='ocrx_word' id='word_1_130' title='bbox 846 2799 1007 2893; x_wconf 87' lang='lat' dir='ltr'><strong>quamvis</strong></span> <span class='ocrx_word' id='word_1_131' title='bbox 1035 2799 1234 2871; x_wconf 87' lang='lat' dir='ltr'><strong>Homerum</strong></span> <span class='ocrx_word' id='word_1_132' title='bbox 1268 2799 1419 2896; x_wconf 81' lang='lat' dir='ltr'><strong>Bingius</strong></span> <span class='ocrx_word' id='word_1_133' title='bbox 1450 2805 1517 2872; x_wconf 81' lang='lat' dir='ltr'><strong>ad-</strong></span> 
     </span>
     <span class='ocr_line' id='line_1_20' title="bbox 316 2928 1513 3022; baseline 0 -21"><span class='ocrx_word' id='word_1_134' title='bbox 316 2939 443 3010; x_wconf 88' lang='lat' dir='ltr'><strong>vocst;</strong></span> <span class='ocrx_word' id='word_1_135' title='bbox 469 2951 551 3022; x_wconf 81' lang='lat' dir='ltr'><strong>quae</strong></span> <span class='ocrx_word' id='word_1_136' title='bbox 569 2929 665 2999; x_wconf 92' lang='lat' dir='ltr'><strong>enim</strong></span> <span class='ocrx_word' id='word_1_137' title='bbox 684 2930 835 3000; x_wconf 81' lang='lat' dir='ltr'><strong>advocat</strong></span> <span class='ocrx_word' id='word_1_138' title='bbox 850 2928 1086 3022; x_wconf 88' lang='lat' dir='ltr'><strong>proculdubio</strong></span> <span class='ocrx_word' id='word_1_139' title='bbox 1104 2929 1253 3001; x_wconf 85' lang='lat' dir='ltr'><strong>insititis</strong></span> <span class='ocrx_word' id='word_1_140' title='bbox 1270 2938 1364 3000; x_wconf 91' lang='lat' dir='ltr'><strong>sunt.</strong></span> <span class='ocrx_word' id='word_1_141' title='bbox 1406 2931 1513 3004; x_wconf 87' lang='lat' dir='ltr'><strong>ldern</strong></span> 
     </span>
     <span class='ocr_line' id='line_1_21' title="bbox 317 3055 1519 3149; baseline 0.002 -21"><span class='ocrx_word' id='word_1_142' title='bbox 317 3056 521 3128; x_wconf 90' lang='lat' dir='ltr'><strong>Corsinium</strong></span> <span class='ocrx_word' id='word_1_143' title='bbox 557 3055 702 3148; x_wconf 81' lang='lat' dir='ltr'><strong>suscipe</strong></span> <span class='ocrx_word' id='word_1_144' title='bbox 730 3056 775 3127; x_wconf 81' lang='lat' dir='ltr'><strong>ab</strong></span> <span class='ocrx_word' id='word_1_145' title='bbox 813 3055 1004 3149; x_wconf 82' lang='lat' dir='ltr'><strong>Ecpltanto</strong></span> <span class='ocrx_word' id='word_1_146' title='bbox 1038 3057 1255 3128; x_wconf 85' lang='lat' dir='ltr'><strong>scribentem</strong></span> <span class='ocrx_word' id='word_1_147' title='bbox 1292 3058 1419 3128; x_wconf 85' lang='lat' dir='ltr'><strong>merito</strong></span> <span class='ocrx_word' id='word_1_148' title='bbox 1460 3085 1519 3130; x_wconf 90' lang='lat' dir='ltr'><strong>re-</strong></span> 
     </span>
    </p>
   </div>
   <div class='ocr_carea' id='block_1_9' title="bbox 309 3186 1524 3806">
    <p class='ocr_par' dir='ltr' id='par_1_11' title="bbox 309 3186 1524 3806">
     <span class='ocr_line' id='line_1_22' title="bbox 316 3186 1519 3283; baseline 0.002 -25"><span class='ocrx_word' id='word_1_149' title='bbox 316 3186 517 3283; x_wconf 89' lang='lat' dir='ltr'><strong>prehendit,</strong></span> <span class='ocrx_word' id='word_1_150' title='bbox 541 3199 578 3258; x_wconf 90' lang='lat' dir='ltr'><strong>et</strong></span> <span class='ocrx_word' id='word_1_151' title='bbox 604 3210 684 3257; x_wconf 89' lang='lat' dir='ltr'><strong>cum</strong></span> <span class='ocrx_word' id='word_1_152' title='bbox 704 3186 857 3258; x_wconf 87' lang='lat' dir='ltr'><strong>Perellio</strong></span> <span class='ocrx_word' id='word_1_153' title='bbox 876 3187 1066 3282; x_wconf 79' lang='grc' dir='ltr'>Ἐκφάντου</span> <span class='ocrx_word' id='word_1_154' title='bbox 1083 3187 1185 3283; x_wconf 83' lang='lat' dir='ltr'><strong>legit,</strong></span> <span class='ocrx_word' id='word_1_155' title='bbox 1215 3211 1296 3258; x_wconf 92' lang='lat' dir='ltr'><strong>cum</strong></span> <span class='ocrx_word' id='word_1_156' title='bbox 1316 3189 1394 3264; x_wconf 73' lang='grc' dir='ltr'>Διός</span> <span class='ocrx_word' id='word_1_157' title='bbox 1423 3214 1519 3260; x_wconf 84' lang='lat' dir='ltr'><strong>con-</strong></span> 
     </span>
     <span class='ocr_line' id='line_1_23' title="bbox 309 3319 1522 3416; baseline 0.004 -29"><span class='ocrx_word' id='word_1_158' title='bbox 309 3319 486 3414; x_wconf 85' lang='lat' dir='ltr'><strong>jungens,</strong></span> <span class='ocrx_word' id='word_1_159' title='bbox 526 3319 686 3411; x_wconf 81' lang='lat' dir='ltr'><strong>quamvis</strong></span> <span class='ocrx_word' id='word_1_160' title='bbox 719 3319 775 3387; x_wconf 82' lang='grc' dir='ltr'><strong>Ἐκ</strong></span> <span class='ocrx_word' id='word_1_161' title='bbox 809 3329 940 3414; x_wconf 83' lang='grc' dir='ltr'>φαντου</span> <span class='ocrx_word' id='word_1_162' title='bbox 975 3320 1112 3390; x_wconf 89' lang='lat' dir='ltr'><strong>divisim</strong></span> <span class='ocrx_word' id='word_1_163' title='bbox 1149 3320 1280 3404; x_wconf 79' lang='lat' dir='ltr'><strong>insllet,</strong></span> <span class='ocrx_word' id='word_1_164' title='bbox 1314 3335 1350 3416; x_wconf 81' lang='lat' dir='ltr'><strong>et</strong></span> <span class='ocrx_word' id='word_1_165' title='bbox 1387 3337 1522 3414; x_wconf 81' lang='lat' dir='ltr'><strong>postes</strong></span> 
     </span>
     <span class='ocr_line' id='line_1_24' title="bbox 316 3446 1520 3543; baseline 0.006 -29"><span class='ocrx_word' id='word_1_166' title='bbox 316 3450 408 3516; x_wconf 78' lang='grc' dir='ltr'>τοῦτ’</span> <span class='ocrx_word' id='word_1_167' title='bbox 437 3446 598 3516; x_wconf 78' lang='grc' dir='ltr'>ἐτέλεσσε</span> <span class='ocrx_word' id='word_1_168' title='bbox 618 3449 772 3542; x_wconf 79' lang='grc' dir='ltr'>Τρόφων.</span> <span class='ocrx_word' id='word_1_169' title='bbox 813 3448 993 3543; x_wconf 74' lang='grc' dir='ltr'>Ἐκφᾶντοι</span> <span class='ocrx_word' id='word_1_170' title='bbox 1025 3470 1090 3540; x_wconf 85' lang='lat' dir='ltr'><strong>pt&#39;o</strong></span> <span class='ocrx_word' id='word_1_171' title='bbox 1118 3447 1307 3542; x_wconf 69' lang='grc' dir='ltr'>Ἰὺεφάντου</span> <span class='ocrx_word' id='word_1_172' title='bbox 1332 3447 1520 3523; x_wconf 84' lang='lat' dir='ltr'><strong>Doricum</strong></span> 
     </span>
     <span class='ocr_line' id='line_1_25' title="bbox 313 3579 1521 3676; baseline 0.003 -24"><span class='ocrx_word' id='word_1_173' title='bbox 313 3606 391 3654; x_wconf 90' lang='lat' dir='ltr'><strong>esse</strong></span> <span class='ocrx_word' id='word_1_174' title='bbox 435 3582 540 3651; x_wconf 90' lang='lat' dir='ltr'><strong>docet</strong></span> <span class='ocrx_word' id='word_1_175' title='bbox 580 3581 835 3665; x_wconf 66' lang='lat' dir='ltr'><strong>Vittotsonus‘2,</strong></span> <span class='ocrx_word' id='word_1_176' title='bbox 880 3579 1032 3651; x_wconf 90' lang='lat' dir='ltr'><strong>Melium</strong></span> <span class='ocrx_word' id='word_1_177' title='bbox 1075 3580 1235 3650; x_wconf 83' lang='lat' dir='ltr'><strong>Lsnzins</strong></span> <span class='ocrx_word' id='word_1_178' title='bbox 1277 3585 1337 3675; x_wconf 89' lang='lat' dir='ltr'><strong>qni</strong></span> <span class='ocrx_word' id='word_1_179' title='bbox 1383 3602 1521 3676; x_wconf 82' lang='lat' dir='ltr'><strong>postea</strong></span> 
     </span>
     <span class='ocr_line' id='line_1_26' title="bbox 313 3707 1524 3806; baseline 0.001 -26"><span class='ocrx_word' id='word_1_180' title='bbox 313 3710 476 3806; x_wconf 62' lang='grc' dir='ltr'><strong>Γρόφωνὁ</strong></span> <span class='ocrx_word' id='word_1_181' title='bbox 509 3708 609 3800; x_wconf 83' lang='lat' dir='ltr'><strong>legit,</strong></span> <span class='ocrx_word' id='word_1_182' title='bbox 657 3719 694 3778; x_wconf 89' lang='lat' dir='ltr'><strong>et</strong></span> <span class='ocrx_word' id='word_1_183' title='bbox 730 3720 880 3778; x_wconf 82' lang='lat' dir='ltr'><strong>statuam</strong></span> <span class='ocrx_word' id='word_1_184' title='bbox 921 3707 1098 3802; x_wconf 84' lang='lat' dir='ltr'><strong>Ecpbanti</strong></span> <span class='ocrx_word' id='word_1_185' title='bbox 1131 3729 1210 3777; x_wconf 85' lang='lat' dir='ltr'><strong>esse</strong></span> <span class='ocrx_word' id='word_1_186' title='bbox 1245 3733 1265 3776; x_wconf 84' lang='lat' dir='ltr'><strong>n</strong></span> <span class='ocrx_word' id='word_1_187' title='bbox 1304 3708 1524 3802; x_wconf 82' lang='lat' dir='ltr'><strong>Gropbnne</strong></span> 
     </span>
    </p>
   </div>
   <div class='ocr_carea' id='block_1_10' title="bbox 304 3911 1534 4640">
    <p class='ocr_par' dir='ltr' id='par_1_12' title="bbox 304 3911 1534 4640">
     <span class='ocr_line' id='line_1_27' title="bbox 350 3911 1528 3987; baseline 0.003 -20"><span class='ocrx_word' id='word_1_188' title='bbox 350 3914 357 3943; x_wconf 88' lang='lat'>¹</span> <span class='ocrx_word' id='word_1_189' title='bbox 382 3913 483 3968; x_wconf 84' lang='lat' dir='ltr'><strong>Exere.</strong></span> <span class='ocrx_word' id='word_1_190' title='bbox 513 3929 560 3982; x_wconf 86' lang='lat' dir='ltr'><strong>per</strong></span> <span class='ocrx_word' id='word_1_191' title='bbox 589 3912 647 3964; x_wconf 83' lang='lat' dir='ltr'><strong>Sat.</strong></span> <span class='ocrx_word' id='word_1_192' title='bbox 677 3929 702 3981; x_wconf 89' lang='lat' dir='ltr'><strong>p.</strong></span> <span class='ocrx_word' id='word_1_193' title='bbox 732 3918 780 3973; x_wconf 83' lang='grc'><strong>47.</strong></span> <span class='ocrx_word' id='word_1_194' title='bbox 833 3911 879 3967; x_wconf 80' lang='lat' dir='ltr'><strong>Cf.</strong></span> <span class='ocrx_word' id='word_1_195' title='bbox 905 3912 1005 3968; x_wconf 81' lang='lat' dir='ltr'><strong>.enini</strong></span> <span class='ocrx_word' id='word_1_196' title='bbox 1034 3911 1081 3976; x_wconf 88' lang='lat' dir='ltr'><strong>ibi,</strong></span> <span class='ocrx_word' id='word_1_197' title='bbox 1112 3913 1182 3987; x_wconf 86' lang='lat' dir='ltr'><strong>qnod</strong></span> <span class='ocrx_word' id='word_1_198' title='bbox 1212 3913 1299 3966; x_wconf 81' lang='lat' dir='ltr'><strong>obiter</strong></span> <span class='ocrx_word' id='word_1_199' title='bbox 1327 3917 1528 3976; x_wconf 82' lang='lat' dir='ltr'><strong>monendum.</strong></span> 
     </span>
     <span class='ocr_line' id='line_1_28' title="bbox 310 4002 1525 4080; baseline 0.001 -16"><span class='ocrx_word' id='word_1_200' title='bbox 310 4007 429 4080; x_wconf 81' lang='lat' dir='ltr'><strong>Knight.</strong></span> <span class='ocrx_word' id='word_1_201' title='bbox 454 4003 527 4060; x_wconf 81' lang='lat' dir='ltr'><strong>l&#39;rol.</strong></span> <span class='ocrx_word' id='word_1_202' title='bbox 550 4004 584 4056; x_wconf 81' lang='lat' dir='ltr'><strong>sd</strong></span> <span class='ocrx_word' id='word_1_203' title='bbox 611 4002 697 4058; x_wconf 90' lang='lat' dir='ltr'><strong>Hom.</strong></span> <span class='ocrx_word' id='word_1_204' title='bbox 714 4020 780 4056; x_wconf 69' lang='lat' dir='ltr'><strong>tsi.</strong></span> <span class='ocrx_word' id='word_1_205' title='bbox 932 4003 1110 4078; x_wconf 85' lang='lat' dir='ltr'><strong>proculdubio</strong></span> <span class='ocrx_word' id='word_1_206' title='bbox 1118 4003 1266 4076; x_wconf 81' lang='lat' dir='ltr'><strong>legendnm</strong></span> <span class='ocrx_word' id='word_1_207' title='bbox 1278 4013 1328 4067; x_wconf 84' lang='lat' dir='ltr'><strong>est,</strong></span> <span class='ocrx_word' id='word_1_208' title='bbox 1342 4023 1398 4058; x_wconf 91' lang='lat' dir='ltr'><strong>non</strong></span> <span class='ocrx_word' id='word_1_209' title='bbox 1413 4018 1525 4065; x_wconf 76' lang='lat' dir='ltr'><strong>autern</strong></span> 
     </span>
     <span class='ocr_line' id='line_1_29' title="bbox 348 4095 1523 4173; baseline -0.003 -18"><span class='ocrx_word' id='word_1_210' title='bbox 348 4103 359 4132; x_wconf 85' lang='lat'><strong>¹</strong></span> <span class='ocrx_word' id='word_1_211' title='bbox 380 4101 466 4156; x_wconf 89' lang='lat' dir='ltr'><strong>Hom.</strong></span> <span class='ocrx_word' id='word_1_212' title='bbox 485 4098 591 4170; x_wconf 85' lang='lat' dir='ltr'><strong>Odyss.</strong></span> <span class='ocrx_word' id='word_1_213' title='bbox 608 4099 643 4152; x_wconf 92' lang='grc' dir='ltr'><strong>Ω.</strong></span> <span class='ocrx_word' id='word_1_214' title='bbox 658 4104 706 4160; x_wconf 76' lang='grc'><strong>74,</strong></span> <span class='ocrx_word' id='word_1_215' title='bbox 736 4097 780 4154; x_wconf 77' lang='lat' dir='ltr'><strong>t&#39;f.</strong></span> <span class='ocrx_word' id='word_1_216' title='bbox 798 4097 878 4172; x_wconf 75' lang='lat' dir='ltr'><strong>ssisgi</strong></span> <span class='ocrx_word' id='word_1_217' title='bbox 930 4095 1129 4152; x_wconf 80' lang='lat' dir='ltr'><strong>&#39;l&#39;POl&#39;llON</strong></span> <span class='ocrx_word' id='word_1_218' title='bbox 1148 4096 1288 4173; x_wconf 76' lang='grc' dir='ltr'>(Τροφόν)</span> <span class='ocrx_word' id='word_1_219' title='bbox 1307 4109 1337 4151; x_wconf 87' lang='lat' dir='ltr'><strong>ut</strong></span> <span class='ocrx_word' id='word_1_220' title='bbox 1356 4115 1523 4171; x_wconf 59' lang='lat' dir='ltr'><strong>perperam</strong></span> 
     </span>
     <span class='ocr_line' id='line_1_30' title="bbox 309 4188 1524 4261; baseline 0.002 -15"><span class='ocrx_word' id='word_1_221' title='bbox 309 4194 337 4246; x_wconf 93' lang='lat' dir='ltr'><strong>in</strong></span> <span class='ocrx_word' id='word_1_222' title='bbox 354 4195 431 4249; x_wconf 90' lang='lat' dir='ltr'><strong>Diss.</strong></span> <span class='ocrx_word' id='word_1_223' title='bbox 445 4195 478 4247; x_wconf 87' lang='lat' dir='ltr'><strong>de</strong></span> <span class='ocrx_word' id='word_1_224' title='bbox 489 4193 541 4245; x_wconf 92' lang='lat' dir='ltr'><strong>hoc</strong></span> <span class='ocrx_word' id='word_1_225' title='bbox 558 4209 633 4244; x_wconf 81' lang='lat' dir='ltr'><strong>inou.</strong></span> <span class='ocrx_word' id='word_1_226' title='bbox 644 4193 667 4258; x_wconf 57' lang='grc' dir='ltr'><strong>ᾗ.</strong></span> <span class='ocrx_word' id='word_1_227' title='bbox 688 4188 732 4247; x_wconf 80' lang='grc'><strong>16.</strong></span> <span class='ocrx_word' id='word_1_228' title='bbox 930 4188 1161 4246; x_wconf 78' lang='lat' dir='ltr'><strong>existimaverunt</strong></span> <span class='ocrx_word' id='word_1_229' title='bbox 1175 4190 1402 4261; x_wconf 67' lang='lat' dir='ltr'><strong>prestantissimi</strong></span> <span class='ocrx_word' id='word_1_230' title='bbox 1425 4195 1467 4248; x_wconf 89' lang='lat' dir='ltr'><strong>illi</strong></span> <span class='ocrx_word' id='word_1_231' title='bbox 1491 4215 1524 4253; x_wconf 82' lang='lat' dir='ltr'><strong>er</strong></span> 
     </span>
     <span class='ocr_line' id='line_1_31' title="bbox 352 4283 1530 4356; baseline 0.008 -19"><span class='ocrx_word' id='word_1_232' title='bbox 352 4285 528 4340; x_wconf 75' lang='lat' dir='ltr'><strong>³l&#39;illoison.</strong></span> <span class='ocrx_word' id='word_1_233' title='bbox 568 4285 675 4336; x_wconf 77' lang='lat' dir='ltr'><strong>Ant-cd.</strong></span> <span class='ocrx_word' id='word_1_234' title='bbox 720 4283 830 4342; x_wconf 71' lang='lat' dir='ltr'><strong>Graec..</strong></span> <span class='ocrx_word' id='word_1_235' title='bbox 856 4285 883 4338; x_wconf 90' lang='lat' dir='ltr'><strong>l.</strong></span> <span class='ocrx_word' id='word_1_236' title='bbox 929 4302 1013 4355; x_wconf 79' lang='lat' dir='ltr'><strong>supra</strong></span> <span class='ocrx_word' id='word_1_237' title='bbox 1035 4302 1112 4339; x_wconf 84' lang='lat' dir='ltr'><strong>mess</strong></span> <span class='ocrx_word' id='word_1_238' title='bbox 1137 4283 1231 4339; x_wconf 74' lang='lat' dir='ltr'><strong>landes</strong></span> <span class='ocrx_word' id='word_1_239' title='bbox 1255 4283 1337 4356; x_wconf 85' lang='lat' dir='ltr'><strong>positi</strong></span> <span class='ocrx_word' id='word_1_240' title='bbox 1360 4287 1530 4350; x_wconf 68' lang='lat' dir='ltr'><strong>duumviri</strong></span> 
     </span>
     <span class='ocr_line' id='line_1_32' title="bbox 307 4377 1516 4454; baseline 0.006 -25"><span class='ocrx_word' id='word_1_241' title='bbox 307 4397 334 4450; x_wconf 84' lang='lat' dir='ltr'><strong>p.</strong></span> <span class='ocrx_word' id='word_1_242' title='bbox 364 4387 430 4436; x_wconf 67' lang='lat'><strong>120,</strong></span> <span class='ocrx_word' id='word_1_243' title='bbox 457 4380 502 4452; x_wconf 84' lang='lat' dir='ltr'><strong>qui</strong></span> <span class='ocrx_word' id='word_1_244' title='bbox 527 4378 560 4430; x_wconf 85' lang='lat' dir='ltr'><strong>de</strong></span> <span class='ocrx_word' id='word_1_245' title='bbox 584 4396 649 4430; x_wconf 83' lang='lat' dir='ltr'><strong>voce</strong></span> <span class='ocrx_word' id='word_1_246' title='bbox 672 4377 794 4454; x_wconf 75' lang='lat' dir='ltr'><strong>&#39;l&#39;po&#39;pov</strong></span> <span class='ocrx_word' id='word_1_247' title='bbox 817 4379 876 4434; x_wconf 82' lang='lat' dir='ltr'><strong>haec</strong></span> <span class='ocrx_word' id='word_1_248' title='bbox 929 4378 1007 4434; x_wconf 88' lang='lat' dir='ltr'><strong>Cors.</strong></span> <span class='ocrx_word' id='word_1_249' title='bbox 1030 4387 1058 4432; x_wconf 92' lang='lat' dir='ltr'><strong>et</strong></span> <span class='ocrx_word' id='word_1_250' title='bbox 1080 4377 1180 4435; x_wconf 83' lang='lat' dir='ltr'><strong>Perell.</strong></span> <span class='ocrx_word' id='word_1_251' title='bbox 1221 4377 1314 4432; x_wconf 85' lang='lat' dir='ltr'><strong>Multo</strong></span> <span class='ocrx_word' id='word_1_252' title='bbox 1341 4379 1439 4436; x_wconf 88' lang='lat' dir='ltr'><strong>minus</strong></span> <span class='ocrx_word' id='word_1_253' title='bbox 1468 4407 1516 4442; x_wconf 70' lang='lat' dir='ltr'><strong>as</strong></span> 
     </span>
     <span class='ocr_line' id='line_1_33' title="bbox 304 4471 1530 4545; baseline 0.004 -18"><span class='ocrx_word' id='word_1_254' title='bbox 304 4474 398 4529; x_wconf 81' lang='lat' dir='ltr'><strong>habet.</strong></span> <span class='ocrx_word' id='word_1_255' title='bbox 909 4473 1019 4528; x_wconf 68' lang='lat' dir='ltr'><strong>sentiri</strong></span> <span class='ocrx_word' id='word_1_256' title='bbox 1039 4491 1154 4545; x_wconf 86' lang='lat' dir='ltr'><strong>possum</strong></span> <span class='ocrx_word' id='word_1_257' title='bbox 1173 4471 1361 4527; x_wconf 87' lang='lat' dir='ltr'><strong>eruditissimo</strong></span> <span class='ocrx_word' id='word_1_258' title='bbox 1384 4474 1428 4531; x_wconf 87' lang='lat' dir='ltr'><strong>illi</strong></span> <span class='ocrx_word' id='word_1_259' title='bbox 1446 4481 1530 4538; x_wconf 72' lang='lat' dir='ltr'><strong>virs.</strong></span> 
     </span>
     <span class='ocr_line' id='line_1_34' title="bbox 329 4565 1534 4640; baseline 0.004 -20"><span class='ocrx_word' id='word_1_260' title='bbox 329 4565 560 4621; x_wconf 79' lang='lat' dir='ltr'><strong>“TPOllHON</strong></span> <span class='ocrx_word' id='word_1_261' title='bbox 573 4566 873 4635; x_wconf 65' lang='lat' dir='ltr'><strong>p1·0&#39;1&#39;t³0‹t›tt&gt;t;ita</strong></span> <span class='ocrx_word' id='word_1_262' title='bbox 926 4571 981 4640; x_wconf 86' lang='lat' dir='ltr'><strong>qui,</strong></span> <span class='ocrx_word' id='word_1_263' title='bbox 1013 4567 1160 4626; x_wconf 85' lang='lat' dir='ltr'><strong>utilissimo</strong></span> <span class='ocrx_word' id='word_1_264' title='bbox 1187 4569 1321 4636; x_wconf 84' lang='lat' dir='ltr'><strong>instituto,</strong></span> <span class='ocrx_word' id='word_1_265' title='bbox 1355 4570 1435 4627; x_wconf 81' lang='lat' dir='ltr'><strong>Han.</strong></span> <span class='ocrx_word' id='word_1_266' title='bbox 1473 4599 1534 4636; x_wconf 49' lang='lat' dir='ltr'><strong>se-</strong></span> 
     </span>
    </p>
   </div>
   <div class='ocr_carea' id='block_1_11' title="bbox 0 0 1630 5350">
    <p class='ocr_par' dir='ltr' id='par_1_13' title="bbox 0 0 1630 5350">
     <span class='ocr_line' id='line_1_35' title="bbox 0 0 1630 5350; baseline 0 9"><span class='ocrx_word' id='word_1_267' title='bbox 0 0 1630 5350; x_wconf 95' lang='lat' dir='ltr'><strong> </strong></span> 
     </span>
    </p>
   </div>
  </div>
 </body>
</html>
