3250 5350
116 496 330 593 luscn.ll.]
703 505 750 566 53

117 695 281 780 deretur,
302 678 424 766 Nexii
453 710 607 787 quorum
635 710 724 761 cure
751 687 888 762 relecta
920 697 987 774 est,
1012 694 1219 784 “poscente
1244 699 1320 762 turu

119 822 172 895 sic
204 824 261 896 rei
292 823 479 908 veritate,''
518 819 654 892 initiale
687 814 723 881 Τ
755 819 931 892 delevere.
984 815 1091 908 Quod
1124 819 1153 890 si
1188 817 1324 918 liuguss

120 954 267 1026 Groecae
296 951 452 1024 indolem
484 949 769 1046 perspectiolern
802 949 990 1022 habuisset
1022 949 1087 1021 Vir
1111 949 1168 1022 Cl.
1197 973 1322 1024 uocem

123 1086 236 1172 αὐτος,
267 1107 457 1180 uunquam
495 1081 566 1154 nisi
609 1105 693 1154 curn
733 1081 886 1154 urticulu
923 1081 1167 1180 conjunctum,
1205 1079 1321 1154 ideru'

123 1217 335 1315 significare
365 1213 524 1288 uidisset.
577 1213 688 1286 Unde
720 1212 864 1309 quidem
901 1222 1049 1310 eppsret
1078 1211 1204 1284 fulsum
1245 1235 1325 1285 esse

125 1347 446 1433 'l'oumefortiunr
474 1345 644 1442 quicum
678 1343 860 1416 “illesam
891 1365 1036 1416 manere
1064 1343 1178 1417 basim
1207 1341 1325 1441 ligura

124 1479 293 1576 perfecte
335 1479 525 1575 quadratu,
562 1476 735 1573 nulloque
778 1473 919 1572 uspiam
957 1473 1130 1546 fracture
1163 1471 1323 1546 indiciu”

125 1612 235 1693 dicat,
253 1608 369 1683 diuiso
392 1631 417 1682 u
443 1619 560 1682 statua
581 1607 702 1704 lupide
725 1605 958 1680 fabrefactam
985 1601 1094 1680 esse¹
1120 1605 1325 1682 arbitretur.

202 1741 551 1820 Moutluucouium⁸
575 1743 615 1815 in
645 1744 715 1815 hoc
742 1762 920 1815 murmure
946 1753 982 1814 et
1010 1742 1264 1815 constituendo
1291 1751 1328 1814 et

127 1875 400 1971 interpretando
427 1875 540 1948 mults
565 1875 707 1972 fugere.
759 1873 925 1946 Duarum
956 1872 1115 1970 priorum
1142 1873 1325 1946 literarum

128 2005 309 2104 (mirabile
333 2003 446 2096 dictu)
467 2005 605 2078 nullum
628 2014 831 2100 respectum
860 2004 1062 2076 habendum
1088 2013 1203 2100 putet,
1232 2015 1327 2077 cete·

126 2158 184 2205 ras
212 2131 267 2204 ita
292 2130 382 2228 legit
401 2123 537 2191 ΕΝΤΟ
557 2124 671 2194 uteo
689 2129 756 2201 dcc.
806 2129 914 2220 Quod
941 2131 970 2202 si
998 2155 1155 2205 marmor
1177 2131 1326 2230 Sigeum

127 2267 216 2360 (quo
248 2272 414 2358 tempore
444 2261 524 2334 hsec
559 2261 712 2356 scripsit,
746 2264 843 2335 haud
876 2263 1011 2359 publici
1036 2265 1133 2365 juris
1173 2265 1324 2362 suctum)

126 2397 279 2470 vidisset
295 2391 613 2483 Montfuuconius,
632 2417 702 2467 uec
727 2395 763 2467 id
791 2397 889 2494 quod
914 2397 1105 2494 perspicuo
1123 2432 1140 2471 ν
1157 2411 1213 2473 est
1229 2425 1327 2474 mun·

127 2545 210 2598 curn
241 2547 325 2598 esse
355 2526 408 2612 νζ
439 2545 509 2596 uec
537 2556 558 2595 α
587 2547 681 2597 nove
706 2536 744 2597 et
773 2525 916 2598 insolite
950 2525 1065 2598 forme
1092 2526 1221 2600 fuctum
1248 2551 1328 2602 esse

126 2652 327 2728 statuisset.
380 2652 488 2728 Nihil
515 2664 639 2728 sutem
672 2656 786 2753 magis
816 2655 1015 2731 mirandum
1051 2655 1192 2733 videtur
1219 2682 1327 2759 quum

127 2783 450 2857 Montfsuconium
476 2794 667 2880 putasses
692 2808 759 2880 pro
786 2779 897 2878 phic‘
916 2787 1085 2895 scriptprn
1113 2812 1204 2879 esee,
1232 2794 1329 2891 quod
1423 2812 1431 2825 ·

126 2938 320 3011 uunquam
350 2915 483 2987 lectum
512 2938 579 3011 pro
607 2926 707 2987 certo
735 2916 953 2989 habendum.

196 3046 394 3123 Dawesio‘
419 3048 684 3121 “vehementer
699 3060 865 3147 suspects
882 3061 937 3122 est
962 3050 1148 3150 scripturis
1165 3060 1329 3131 ΑῈΥΤΟ

129 3178 220 3251 fides
232 3206 244 3263 3
283 3176 422 3274 quippe
436 3200 520 3249 cunr
537 3209 647 3263 αυτος,
672 3176 725 3249 uti
742 3178 851 3251 hodie
870 3179 1069 3265 scribimus,
1093 3180 1131 3255 in
1163 3181 1330 3255 omuibus

129 3310 291 3383 Graeeiae
315 3306 479 3381 dialectis
506 3320 685 3406 perpetuo
709 3312 755 3382 sit
784 3310 971 3409 disyllaba,
997 3334 1071 3385 nou
1099 3312 1215 3409 potuit
1240 3313 1329 3409 quin

128 3438 201 3511 sibi
224 3438 464 3536 persuaderet
488 3437 654 3533 primitus
681 3451 865 3513 exaratum
905 3439 1015 3512 fuisse
1052 3446 1195 3528 ΑΠΟ,
1227 3467 1270 3512 το
1300 3440 1332 3508 Υ

128 3590 219 3643 vero
240 3593 268 3640 a
286 3550 491 3642 recentiore
508 3590 618 3641 ursnu
633 3570 865 3667 adscriptum,
885 3595 959 3669 quo
975 3571 1196 3645 indicaretur
1212 3582 1332 3670 potes·

126 3709 186 3773 tes
211 3701 396 3775 elemento
429 3700 452 3764 F
472 3698 549 3797 jam
581 3697 696 3773 rarius
722 3703 929 3777 occurrenti
954 3704 1182 3779 tribuende.'’
1224 3704 1331 3777 Hane

128 3830 297 3907 Dawesii
316 3831 533 3905 sententium
552 3835 682 3909 merito
699 3836 960 3933 reprehendit⁶
986 3834 1181 3910 hodiernus
1204 3837 1330 3909 hurum

169 4052 314 4110 ¹Dewes
353 4052 440 4113 Misc.
474 4052 546 4113 Crit.
581 4074 609 4129 p.
644 4062 710 4115 132.
800 4056 934 4115 ¹Chish.
949 4057 1046 4133 Antiq.
1062 4062 1114 4117 As.
1132 4076 1159 4131 p.
1171 4062 1220 4116 43.
1260 4082 1265 4091 ·

129 4150 241 4209 Valck·
266 4152 303 4208 ad
325 4150 394 4208 Eur·
417 4150 516 4208 Phoen.
535 4158 604 4221 927·
629 4152 663 4208 R·
679 4153 711 4212 P·
801 4165 814 4198 ⁸
836 4168 895 4228 Pal.
911 4169 963 4226 Gr.
978 4166 1025 4230 lib.
1037 4168 1078 4226 11.
1093 4186 1118 4224 c.
1131 4174 1159 4225 1.
1172 4186 1200 4242 p.
1216 4171 1285 4224 rer·

127 4246 167 4303 ad
178 4244 414 4316 maii-9³²9&
434 4246 663 4305 mmmmm
671 4264 714 4304 η’
803 4277 815 4310 ⁴
836 4280 881 4340 cf.
890 4282 976 4341 Voss.
985 4282 1018 4339 de
1033 4284 1097 4341 Art.
1107 4280 1238 4339 Grsmm.
1251 4274 1330 4338 lib.l.

127 4341 349 4417 prehendendus
362 4342 504 4399 Askeviue
520 4344 599 4419 cujus
618 4360 715 4415 nugas,
764 4395 790 4433 c·
801 4380 841 4433 30

127 4439 178 4496 tui
220 4438 290 4495 tenti
321 4438 461 4508 videatur,
493 4438 575 4497 adest
608 4438 715 4511 (Nouv.
843 4421 878 4517 Ἰ
964 4506 968 4515 Ι

128 4536 232 4595 ursit.
254 4538 290 4596 ss
309 4517 440 4614 nsum.
462 4538 581 4599 romu.
602 4558 629 4613 p.
643 4535 713 4610 sss,
803 4506 905 4567 Ἣ·
921 4506 992 4564 Cflt·
1006 4510 1113 4583 ΡΜ·

128 4654 160 4692 n.
180 4635 248 4707 17).
805 4626 818 4658 ⁸
839 4628 940 4705 lissey,
955 4648 982 4703 p.
992 4632 1043 4693 72.
