3250 5350
488 1159 639 1240 Cnsss.
666 1160 717 1237 V.
740 1105 742 1108 Ι
770 1159 923 1243 Isson.
953 1164 989 1243 Ι.

416 1406 651 1480 MARMOR
685 1406 1071 1483 SANDVICENSE.

527 1648 644 1705 nina.
669 1646 795 1718 xnvrr,
819 1638 958 1705 xnvut.

673 1896 818 1940 -φ-

135 2111 299 2193 Taylorus
338 2111 371 2175 in
404 2111 510 2177 libello
553 2111 604 2174 cui
637 2110 743 2175 titulus
784 2110 959 2175 “Marmor
998 2076 1219 2187 Sandviceuse,
1253 2113 1336 2177 &c.”

190 2224 356 2305 (Cantabr.
385 2227 492 2300 1743.)
533 2225 630 2290 Maff.
653 2225 743 2288 Mus.
763 2224 882 2288 Veron.
903 2222 1168 2289 ccccxxix.
1211 2224 1337 2289 Cossini

190 2342 231 2403 de
260 2338 338 2403 Not.
365 2338 470 2403 Graec.
498 2338 585 2403 Diss.
610 2338 669 2401 Vl.
713 2336 820 2402 Nouv.
854 2336 937 2401 Bibl.
964 2334 1058 2401 Tom.
1080 2337 1176 2402 XVI.
1204 2362 1238 2423 p.
1261 2346 1359 2404 28ss
1498 2298 1501 2305 Ι

192 2452 312 2517 Btickh
331 2452 640 2534 Stsatshaushaltung
654 2452 708 2515 der
720 2448 873 2517 Athener.
890 2448 987 2513 Tom.
1005 2446 1051 2515 ΙΙ.
1070 2474 1102 2534 p.
1121 2460 1195 2517 214.

215 2625 313 2712 Hoc
348 2661 503 2711 marmor
536 2638 689 2712 Athenis
724 2658 760 2711 1.
780 2664 807 2712 s.
845 2646 952 2726 1739.
982 2646 1165 2733 repertum
1201 2638 1332 2715 Comes

131 2769 395 2842 Sandvicensis
417 2791 571 2866 peregre
602 2767 744 2840 rediens
765 2769 803 2839 in
836 2766 1003 2865 Anglism
1032 2765 1183 2840 advexit.
1236 2767 1335 2840 Pub-

129 2901 199 2976 lici
233 2902 329 2999 juris
362 2899 450 2973 fecit
488 2900 671 2998 Taylorus
712 2900 749 2972 in
783 2900 905 2972 libello
947 2925 1055 2996 supra
1089 2902 1209 2989 citato,
1239 2901 1333 2976 notis

131 3029 224 3104 satis
245 3026 362 3102 doctis
388 3031 451 3101 sed
477 3029 731 3125 prolixioribus
757 3028 917 3127 adjectis.
1288 3003 1290 3008 ,

215 3157 323 3246 Quod
341 3179 488 3250 scopum
509 3143 692 3229 marmoris
709 3154 851 3243 attinet,
868 3157 953 3228 satis
973 3167 1073 3251 patet
1084 3158 1106 3244 ¹,
1126 3167 1165 3230 ut
1182 3159 1334 3254 'Paylori

132 3287 258 3364 verbis
283 3287 399 3374 utar',
424 3284 571 3357 “lonas
594 3284 878 3380 antiquissimam
898 3283 1051 3357 Graeciae
1072 3295 1231 3383 gentem,
1258 3309 1333 3358 una

131 3438 221 3488 cum
240 3413 437 3512 Cycladum
463 3393 592 3486 incolis
613 3413 780 3486 solennes
803 3411 958 3484 maxime
977 3423 1014 3484 et
1034 3412 1220 3512 religiosas
1239 3414 1333 3488 infe·

130 3545 210 3622 rias
226 3545 263 3616 in
282 3543 376 3615 Delo
392 3543 476 3615 olim
494 3539 748 3616 concelebrare
767 3566 846 3615 esse
864 3542 999 3616 solitos.
1044 3543 1196 3616 Deliaca
1210 3556 1332 3619 autem

132 3667 202 3744 ubi
223 3670 357 3741 accidit
380 3679 421 3741 ut
446 3650 512 3764 per
534 3669 673 3763 aliquot
697 3691 813 3740 annos
832 3667 1156 3764 interpellarentur,
1181 3673 1333 3744 Atheni·

132 3821 244 3873 enses
270 3798 334 3894 qui
347 3799 425 3895 jam
451 3798 489 3869 in
510 3799 592 3871 loco
622 3799 854 3895 antiquorum
874 3797 1004 3870 Ionum
1034 3809 1165 3888 essent,
1189 3801 1332 3896 Olymp.

133 3955 324 4005 nxxxvnr.
340 3954 438 4003 anno
468 3934 576 4004 tertio
601 3930 852 4004 solennitatem
877 3932 1135 4018 instaurabant,
1162 3933 1331 4027 patriam·

131 4085 210 4161 que
256 4063 483 4162 religionem,
527 4074 656 4158 quarto
703 4065 829 4160 quovis
870 4088 966 4136 anno
1008 4064 1240 4151 redituram,”
1277 4063 1331 4160 (id

131 4195 247 4294 quod,
281 4206 321 4268 ut
354 4196 437 4268 alibi
469 4195 556 4283 dixi,
592 4193 855 4293 Ilevramiprla,
890 4194 1025 4282 Graeci,
1061 4218 1143 4268 cunr
1174 4197 1329 4292 primum

132 4339 213 4399 tum
246 4336 466 4422 postremum
500 4351 636 4400 annum
666 4337 909 4416 numerantes,
943 4325 1125 4418 dixerunt)
1156 4329 1202 4400 de
1238 4349 1331 4400 novo

216 4558 226 4589 ¹
248 4559 295 4620 Cl.
310 4561 440 4639 Thucyd.
455 4563 510 4624 ill.
528 4570 594 4622 104.
636 4564 729 4623 strab.
744 4565 783 4622 X.
796 4585 825 4641 p.
840 4571 907 4626 485.
1000 4564 1010 4597 ¹
1031 4563 1146 4640 Tsylor.
1161 4583 1190 4640 p.
1206 4569 1258 4634 15.
1282 4575 1285 4580 ’

700 4671 730 4733 R
749 4691 769 4732 n
