3250 5350
847 434 943 545 1⁵2⁸
1236 483 1384 564 [oms.
1405 479 1466 545 111.

279 651 392 724 aedern
428 650 596 744 pellicum
628 675 772 724 suarum
805 673 1020 748 gyneceum
1052 673 1132 722 esse
1164 649 1341 733 voluerat,
1384 649 1465 721 sicut

279 785 459 878 quondum
480 783 689 856 Demetrius
709 766 932 856 Poliorcetes
951 783 1236 855 Parthenonern.
1279 781 1466 854 Nescimus

277 923 411 998 autern,
439 922 557 983 utruur
587 913 728 985 obsidio
760 913 995 997 Venetorum,
1022 935 1096 1007 qua
1125 913 1203 986 baec
1229 913 1328 984 aedes
1359 911 1469 982 deleta

277 1050 342 1122 est,
370 1063 417 1110 an
445 1061 528 1134 quae
560 1041 720 1134 proxime
752 1039 1002 1134 sequebantur
1032 1050 1194 1130 ternpore
1226 1037 1468 1110 Erechtheum

278 1171 312 1242 in
332 1193 414 1242 eum
433 1181 563 1242 statum
584 1172 803 1268 redegerint,
828 1194 902 1266 quo
920 1179 1084 1242 nuucest.
1157 1169 1295 1242 Stuerti
1313 1175 1469 1264 tempore

277 1325 402 1374 ornnes
433 1300 576 1398 quidem
609 1301 798 1384 columnia,
828 1311 1009 1397 quotquot
1035 1311 1150 1387 erunt,
1177 1323 1244 1371 suo
1278 1300 1363 1372 loco
1392 1321 1467 1393 pre-

277 1431 443 1504 stabant:
481 1441 518 1501 at
555 1429 709 1527 epistylii
760 1453 853 1523 pars,
891 1431 1072 1523 zophorus
1114 1428 1300 1513 dimidius,
1337 1451 1469 1500 corono

276 1559 353 1631 fere
381 1557 497 1629 omnis
528 1556 761 1666 deciderat¹3
794 1555 958 1627 Parietes
983 1577 1121 1637 omnes,
1148 1554 1213 1648 qui
1242 1553 1370 1627 cellam
1404 1553 1469 1625 dis·

277 1686 526 1771 criminabant,
554 1685 822 1759 interciderunt.
874 1683 985 1756 Tecti
1004 1684 1108 1754 ruina
1126 1707 1213 1754 area
1229 1682 1354 1778 templi
1373 1682 1468 1778 frng-

277 1819 407 1891 nrentis
441 1816 591 1899 consita,
619 1839 703 1910 quae
732 1837 895 1910 nuperne
930 1813 1070 1888 sublata
1102 1814 1175 1884 sint
1204 1813 1339 1886 nescio.
1384 1815 1468 1886 Por·

275 1952 378 2038 licus,
414 1974 498 2045 quae
535 1951 582 2022 ad
616 1949 822 2043 aquilonem
858 1948 987 2044 vergit,
1028 1947 1105 2018 rudi
1138 1945 1276 2040 pariete
1305 1946 1467 2041 obsepta,
1559 1992 1560 1997 =

275 2092 312 2154 et
347 2080 496 2176 pulvere
535 2071 663 2150 uitrico
697 2080 742 2149 ad
779 2077 863 2149 belli
904 2087 1121 2171 apparatum
1162 2077 1313 2172 oppleta.
1371 2078 1469 2150 Hinc

275 2206 515 2280 necessarium
557 2206 678 2289 fiebat,
723 2205 853 2275 ostium
896 2206 932 2276 iu
972 2205 1110 2298 pariete
1155 2206 1201 2276 ad
1243 2178 1469 2278 occidentein

274 2337 481 2437 effringere.
536 2336 697 2408 Alteram
724 2337 898 2431 porticum
925 2360 1009 2431 quse
1038 2338 1218 2410 sustinent
1242 2339 1470 2434 Caryatides,

273 2491 397 2540 earum
431 2493 536 2540 unam
563 2465 711 2538 abstulit
742 2466 865 2538 nescio
898 2467 959 2560 qui
990 2466 1130 2551 Turre,
1162 2467 1310 2540 alterurn
1345 2489 1471 2560 nuper

273 2601 438 2699 Elgiuus,
480 2598 608 2671 nobilis
641 2597 782 2693 Anglus
821 2598 882 2667 sed
923 2597 1037 2695 magis
1072 2597 1224 2669 audacia
1259 2596 1470 2692 rapinarum

272 2729 503 2799 nobilitatus:
531 2726 592 2819 qui
623 2737 660 2795 ut
687 2724 877 2818 populares
905 2702 969 2798 sui
988 2740 1190 2800 extremum
1209 2729 1353 2801 Graecoe
1377 2724 1470 2797 artis

199 2838 201 2843 ,
271 2853 433 2947 spiriturn
452 2854 673 2946 exciperent,
700 2876 778 2923 earn
798 2852 944 2947 penitus
961 2855 1145 2927 conficere
1163 2856 1260 2927 baud
1277 2854 1469 2926 dubitavit.

179 3058 182 3063 ,
272 2983 392 3080 Hujus
414 2983 546 3065 locum,
575 3005 621 3052 ne
642 2990 774 3051 tectum
793 2983 1033 3054 columinibus
1050 2984 1216 3056 orbatum
1238 3008 1324 3057 casu
1346 2984 1472 3057 subito

270 3120 402 3199 rueret,
428 3111 525 3181 calce
544 3119 582 3183 et
600 3109 679 3181 rudi
698 3110 813 3204 lapide
830 3112 998 3206 supplere
1016 3112 1130 3183 visum
1151 3124 1206 3184 est
1218 3110 1266 3182 ’δ’
1364 3093 1373 3107 ’

346 3240 440 3312 “Ex
471 3240 538 3325 bis,
567 3260 651 3334 quae
680 3251 888 3335 supersunt,
916 3239 1108 3310 ruderibus
1136 3239 1315 3311 diathesiu
1343 3242 1473 3335 templi

270 3371 411 3444 duobus
438 3367 556 3439 verbis
576 3368 625 3437 ite
653 3366 828 3437 describo.
879 3366 947 3438 Est
970 3365 1062 3437 cella
1082 3389 1150 3459 per
1172 3367 1327 3461 parietes
1350 3378 1474 3440 traus-

271 3525 390 3574 versos
419 3499 596 3595 tripartita
625 3522 707 3569 cum
738 3498 898 3594 prostylo
924 3501 971 3569 ud
1001 3497 1179 3571 orientem
1207 3496 1330 3584 solem,
1355 3506 1475 3593 atque

268 3628 467 3726 porticibus
494 3627 633 3698 duabus
666 3626 809 3720 utrique
843 3628 1004 3716 humero,
1033 3650 1108 3721 qua
1134 3626 1303 3721 templum
1330 3625 1376 3693 ad
1410 3651 1476 3698 oc·
1561 3669 1562 3677 .

268 3744 448 3833 uidentem
485 3758 613 3855 vergit,
652 3758 700 3827 ita
733 3757 934 3839 adstructis,
973 3770 1012 3828 ut
1043 3780 1125 3827 curu
1158 3757 1248 3829 cella
1282 3779 1347 3851 per
1374 3759 1478 3829 ostia

268 3912 443 3963 conuexae
460 3887 542 3957 sint.
594 3884 691 3956 Hinc
719 3883 878 3956 existunt
901 3910 964 3978 serp
992 3896 1134 3980 partes:
1165 3884 1355 3981 Prostylos
1372 3883 1478 3959 hex·

268 4020 410 4120 estylou
445 4015 571 4112 parieti
612 4013 713 4085 cellae
751 4013 996 4109 applicatum
1035 4014 1139 4087 Cella
1171 4012 1341 4097 anterior,
1380 4036 1479 4109 quae

309 4230 318 4259 ¹
340 4232 377 4286 V.
395 4232 500 4289 snut.
522 4227 558 4284 T.
576 4226 614 4283 ll.
638 4226 685 4281 ch.
705 4230 733 4280 3.
754 4226 794 4282 tb.
813 4232 840 4283 l.
890 4227 920 4283 in
935 4225 1071 4300 Angliam
1085 4224 1240 4294 abstulerit,
1262 4221 1363 4307 vellem
1376 4224 1481 4286 diser-

269 4324 413 4379 Chaudler
446 4319 565 4379 Travels
597 4339 622 4377 c.
650 4327 697 4373 ll.
733 4338 760 4391 p.
792 4322 840 4376 52.
891 4322 946 4379 tius
966 4330 1135 4378 memoraret
1156 4319 1245 4376 liber:
1269 4318 1374 4393 Report
1394 4321 1479 4382 from

269 4414 598 4475 ClarkeTravelsP.11.
615 4412 688 4469 Soet.
698 4416 727 4468 2.
742 4410 841 4471 rb.15.
891 4418 939 4475 the
953 4416 1040 4473 select
1057 4412 1218 4475 committet*
1238 4432 1275 4471 on
1289 4414 1338 4470 the
1353 4411 1436 4474 Earl
1451 4418 1482 4476 oi

308 4510 320 4544 ¹
341 4508 492 4566 Hobhouse
505 4508 629 4568 Albania
641 4506 677 4563 T.
689 4505 711 4564 l.
725 4504 779 4564 litt.
791 4510 840 4564 2³.
893 4510 999 4586 Elgin's
1024 4510 1170 4567 collection
1195 4528 1224 4583 p.
1239 4512 1290 4566 33.
1332 4507 1379 4567 Cf.
1406 4512 1481 4571 Vis·

231 4650 235 4657 .
269 4608 377 4680 pets.
421 4602 493 4670 Quae
521 4603 635 4677 Elginus
657 4620 757 4661 ¹comes
777 4601 842 4658 inde
892 4608 968 4666 conti
990 4605 1145 4665 Memoires
1166 4622 1193 4675 p.
1212 4608 1278 4663 119.
