<?xml version="1.0" encoding="UTF-8"?>
<!DOCTYPE html PUBLIC "-//W3C//DTD XHTML 1.0 Transitional//EN"
    "http://www.w3.org/TR/xhtml1/DTD/xhtml1-transitional.dtd">
<html xmlns="http://www.w3.org/1999/xhtml" xml:lang="en" lang="en">
 <head>
  <title>
</title>
<meta http-equiv="Content-Type" content="text/html;charset=utf-8" />
  <meta name='ocr-system' content='tesseract 3.04.00' />
  <meta name='ocr-capabilities' content='ocr_page ocr_carea ocr_par ocr_line ocrx_word'/>
</head>
<body>
  <div class='ocr_page' id='page_1' title='image "./inscriptionesgr01rosegoog_0180.png"; bbox 0 0 3250 5350; ppageno 0'>
   <div class='ocr_carea' id='block_1_1' title="bbox 133 497 747 576">
    <p class='ocr_par' dir='ltr' id='par_1_1' title="bbox 133 497 747 576">
     <span class='ocr_line' id='line_1_1' title="bbox 133 497 747 576; baseline 0.011 -14"><span class='ocrx_word' id='word_1_1' title='bbox 133 501 260 566; x_wconf 78' lang='lat' dir='ltr'>lusca.</span> <span class='ocrx_word' id='word_1_2' title='bbox 283 498 357 576; x_wconf 87' lang='lat' dir='ltr'>lV.]</span> <span class='ocrx_word' id='word_1_3' title='bbox 703 497 747 570; x_wconf 82' lang='grc'>61</span> 
     </span>
    </p>
   </div>
   <div class='ocr_carea' id='block_1_2' title="bbox 82 640 1330 1391">
    <p class='ocr_par' dir='ltr' id='par_1_2' title="bbox 82 640 1330 1391">
     <span class='ocr_line' id='line_1_2' title="bbox 82 640 1325 771; baseline 0.002 -24"><span class='ocrx_word' id='word_1_4' title='bbox 82 640 87 654; x_wconf 31' lang='lat'>⁸</span> <span class='ocrx_word' id='word_1_5' title='bbox 133 672 189 747; x_wconf 91' lang='lat' dir='ltr'>lbi</span> <span class='ocrx_word' id='word_1_6' title='bbox 212 673 361 766; x_wconf 85' lang='lat' dir='ltr'>quidem</span> <span class='ocrx_word' id='word_1_7' title='bbox 384 682 426 744; x_wconf 91' lang='lat' dir='ltr'>ut</span> <span class='ocrx_word' id='word_1_8' title='bbox 442 673 481 743; x_wconf 88' lang='lat' dir='ltr'>in</span> <span class='ocrx_word' id='word_1_9' title='bbox 499 681 621 746; x_wconf 85' lang='lat' dir='ltr'>nostra</span> <span class='ocrx_word' id='word_1_10' title='bbox 637 673 850 770; x_wconf 76' lang='lat' dir='ltr'>epigraphe,</span> <span class='ocrx_word' id='word_1_11' title='bbox 873 697 961 748; x_wconf 84' lang='lat' dir='ltr'>voce</span> <span class='ocrx_word' id='word_1_12' title='bbox 979 705 1032 746; x_wconf 73' lang='grc' dir='ltr'>τοι</span> <span class='ocrx_word' id='word_1_13' title='bbox 1049 697 1115 770; x_wconf 88' lang='lat' dir='ltr'>pro</span> <span class='ocrx_word' id='word_1_14' title='bbox 1131 679 1162 748; x_wconf 82' lang='lat' dir='ltr'>oi</span> <span class='ocrx_word' id='word_1_15' title='bbox 1179 679 1325 771; x_wconf 81' lang='lat' dir='ltr'>scripta,</span> 
     </span>
     <span class='ocr_line' id='line_1_3' title="bbox 134 799 1328 897; baseline 0.005 -26"><span class='ocrx_word' id='word_1_16' title='bbox 134 801 245 896; x_wconf 85' lang='lat' dir='ltr'>(quod</span> <span class='ocrx_word' id='word_1_17' title='bbox 275 799 440 897; x_wconf 73' lang='lat' dir='ltr'>vulgare)</span> <span class='ocrx_word' id='word_1_18' title='bbox 469 801 611 873; x_wconf 80' lang='lat' dir='ltr'><strong>articuli</strong></span> <span class='ocrx_word' id='word_1_19' title='bbox 640 825 721 872; x_wconf 89' lang='lat' dir='ltr'>cum</span> <span class='ocrx_word' id='word_1_20' title='bbox 755 825 822 874; x_wconf 91' lang='lat' dir='ltr'>suo</span> <span class='ocrx_word' id='word_1_21' title='bbox 855 801 1002 874; x_wconf 86' lang='lat' dir='ltr'>nomine</span> <span class='ocrx_word' id='word_1_22' title='bbox 1034 803 1141 874; x_wconf 86' lang='lat' dir='ltr'>erasis</span> <span class='ocrx_word' id='word_1_23' title='bbox 1179 803 1328 877; x_wconf 84' lang='lat' dir='ltr'>efficitur</span> 
     </span>
     <span class='ocr_line' id='line_1_4' title="bbox 132 931 557 1026; baseline 0.005 -28"><span class='ocrx_word' id='word_1_24' title='bbox 132 933 159 998; x_wconf 84' lang='grc' dir='ltr'>τ’</span> <span class='ocrx_word' id='word_1_25' title='bbox 173 932 325 1026; x_wconf 66' lang='grc' dir='ltr'>Ἀχαιοῖς</span> <span class='ocrx_word' id='word_1_26' title='bbox 349 931 381 999; x_wconf 80' lang='grc' dir='ltr'>τ’</span> <span class='ocrx_word' id='word_1_27' title='bbox 397 931 557 1026; x_wconf 54' lang='lat' dir='ltr'>’Apparere</span> 
     </span>
     <span class='ocr_line' id='line_1_5' title="bbox 205 1058 1328 1158; baseline 0.004 -28"><span class='ocrx_word' id='word_1_28' title='bbox 205 1058 420 1130; x_wconf 81' lang='lat' dir='ltr'>Manendus</span> <span class='ocrx_word' id='word_1_29' title='bbox 454 1069 573 1130; x_wconf 86' lang='lat' dir='ltr'>autem</span> <span class='ocrx_word' id='word_1_30' title='bbox 604 1058 720 1132; x_wconf 85' lang='lat' dir='ltr'>lector</span> <span class='ocrx_word' id='word_1_31' title='bbox 750 1059 952 1131; x_wconf 85' lang='lat' dir='ltr'>Porsonum</span> <span class='ocrx_word' id='word_1_32' title='bbox 984 1059 1090 1132; x_wconf 87' lang='lat' dir='ltr'>aliam</span> <span class='ocrx_word' id='word_1_33' title='bbox 1126 1063 1328 1158; x_wconf 84' lang='lat' dir='ltr'>explicandi</span> 
     </span>
     <span class='ocr_line' id='line_1_6' title="bbox 134 1183 1330 1279; baseline 0.004 -24"><span class='ocrx_word' id='word_1_34' title='bbox 134 1183 309 1256; x_wconf 85' lang='lat' dir='ltr'>rationem</span> <span class='ocrx_word' id='word_1_35' title='bbox 344 1183 480 1272; x_wconf 90' lang='lat' dir='ltr'>iniisse,</span> <span class='ocrx_word' id='word_1_36' title='bbox 518 1185 654 1279; x_wconf 83' lang='lat' dir='ltr'>quippe</span> <span class='ocrx_word' id='word_1_37' title='bbox 692 1185 755 1279; x_wconf 91' lang='lat' dir='ltr'>qui</span> <span class='ocrx_word' id='word_1_38' title='bbox 794 1207 859 1256; x_wconf 87' lang='lat' dir='ltr'>sua</span> <span class='ocrx_word' id='word_1_39' title='bbox 900 1207 1008 1256; x_wconf 87' lang='lat' dir='ltr'>manu</span> <span class='ocrx_word' id='word_1_40' title='bbox 1044 1184 1080 1257; x_wconf 92' lang='lat' dir='ltr'>in</span> <span class='ocrx_word' id='word_1_41' title='bbox 1119 1189 1330 1260; x_wconf 86' lang='lat' dir='ltr'>adversariis</span> 
     </span>
     <span class='ocr_line' id='line_1_7' title="bbox 137 1313 1330 1391; baseline 0.004 -5"><span class='ocrx_word' id='word_1_42' title='bbox 137 1313 246 1388; x_wconf 87' lang='lat' dir='ltr'><strong>MSS.</strong></span> <span class='ocrx_word' id='word_1_43' title='bbox 277 1315 386 1387; x_wconf 89' lang='lat' dir='ltr'>amici</span> <span class='ocrx_word' id='word_1_44' title='bbox 413 1315 483 1389; x_wconf 85' lang='lat' dir='ltr'>mei</span> <span class='ocrx_word' id='word_1_45' title='bbox 510 1315 801 1388; x_wconf 73' lang='lat' dir='ltr'>desideratissimi</span> <span class='ocrx_word' id='word_1_46' title='bbox 828 1315 871 1386; x_wconf 80' lang='lat' dir='ltr'>E.</span> <span class='ocrx_word' id='word_1_47' title='bbox 890 1315 938 1387; x_wconf 91' lang='lat' dir='ltr'>D.</span> <span class='ocrx_word' id='word_1_48' title='bbox 961 1317 1092 1389; x_wconf 86' lang='lat' dir='ltr'>Clarlre</span> <span class='ocrx_word' id='word_1_49' title='bbox 1116 1319 1194 1389; x_wconf 79' lang='lat' dir='ltr'>lraec</span> <span class='ocrx_word' id='word_1_50' title='bbox 1222 1319 1330 1391; x_wconf 85' lang='lat' dir='ltr'>verba</span> 
     </span>
    </p>
   </div>
   <div class='ocr_carea' id='block_1_3' title="bbox 138 1446 1094 1634">
    <p class='ocr_par' dir='ltr' id='par_1_3' title="bbox 138 1446 1094 1634">
     <span class='ocr_line' id='line_1_8' title="bbox 138 1446 347 1517; baseline 0 -1"><span class='ocrx_word' id='word_1_51' title='bbox 138 1446 347 1517; x_wconf 82' lang='lat' dir='ltr'>exaraverit.</span> 
     </span>
     <span class='ocr_line' id='line_1_9' title="bbox 393 1549 1094 1634; baseline 0 -14"><span class='ocrx_word' id='word_1_52' title='bbox 393 1553 667 1622; x_wconf 80' lang='grc' dir='ltr'>ΑΝΕΘΕΝΤΟ</span> <span class='ocrx_word' id='word_1_53' title='bbox 684 1552 736 1621; x_wconf 83' lang='grc'>01</span> <span class='ocrx_word' id='word_1_54' title='bbox 761 1549 891 1634; x_wconf 57' lang='lat' dir='ltr'>(MS-Iit)</span> <span class='ocrx_word' id='word_1_55' title='bbox 913 1553 1001 1622; x_wconf 86' lang='grc' dir='ltr'>ΤΩΙ</span> <span class='ocrx_word' id='word_1_56' title='bbox 1028 1553 1094 1620; x_wconf 86' lang='grc' dir='ltr'>ΔΙΙ</span> 
     </span>
    </p>
   </div>
   <div class='ocr_carea' id='block_1_4' title="bbox 466 1679 1005 1753">
    <p class='ocr_par' dir='ltr' id='par_1_4' title="bbox 466 1679 1005 1753">
     <span class='ocr_line' id='line_1_10' title="bbox 466 1679 1005 1753; baseline 0 -7"><span class='ocrx_word' id='word_1_57' title='bbox 466 1682 573 1753; x_wconf 79' lang='lat' dir='ltr'>Ano</span> <span class='ocrx_word' id='word_1_58' title='bbox 593 1681 701 1748; x_wconf 86' lang='grc' dir='ltr'>ΤΩΝ</span> <span class='ocrx_word' id='word_1_59' title='bbox 728 1679 1005 1748; x_wconf 77' lang='grc' dir='ltr'><strong>ΚΟΡΙΝΘΙΩΝ</strong></span> 
     </span>
    </p>
   </div>
   <div class='ocr_carea' id='block_1_5' title="bbox 107 1817 1363 2220">
    <p class='ocr_par' dir='ltr' id='par_1_5' title="bbox 107 1817 1363 2220">
     <span class='ocr_line' id='line_1_11' title="bbox 135 1817 413 1915; baseline -0.004 -26"><span class='ocrx_word' id='word_1_60' title='bbox 135 1817 298 1915; x_wconf 72' lang='lat' dir='ltr'>&#39;legerat</span> <span class='ocrx_word' id='word_1_61' title='bbox 323 1840 413 1915; x_wconf 83' lang='lat' dir='ltr'>ergo</span> 
     </span>
     <span class='ocr_line' id='line_1_12' title="bbox 107 1969 1363 2054; baseline 0.009 -20"><span class='ocrx_word' id='word_1_62' title='bbox 107 1971 224 2040; x_wconf 84' lang='grc' dir='ltr'>ΤΑΔΕ</span> <span class='ocrx_word' id='word_1_63' title='bbox 239 1970 338 2039; x_wconf 87' lang='grc' dir='ltr'>ΧΙΟΙ</span> <span class='ocrx_word' id='word_1_64' title='bbox 365 1972 430 2035; x_wconf 91' lang='grc' dir='ltr'>ΑΝ</span> <span class='ocrx_word' id='word_1_65' title='bbox 438 1969 666 2054; x_wconf 70' lang='grc' dir='ltr'><strong>ΕΘΕΝΠΟ)</strong></span> <span class='ocrx_word' id='word_1_66' title='bbox 685 1969 772 2038; x_wconf 85' lang='grc' dir='ltr'>ΤΟΙ</span> <span class='ocrx_word' id='word_1_67' title='bbox 792 1972 887 2041; x_wconf 71' lang='grc' dir='ltr'><strong>ΔΙΡΙ</strong></span> <span class='ocrx_word' id='word_1_68' title='bbox 904 1971 1009 2040; x_wconf 88' lang='grc' dir='ltr'>ΤΟΝ</span> <span class='ocrx_word' id='word_1_69' title='bbox 1040 1974 1363 2044; x_wconf 77' lang='grc' dir='ltr'><strong>ΚΟΡΙΝΘΟΘΕΝ</strong></span> 
     </span>
     <span class='ocr_line' id='line_1_13' title="bbox 139 2083 1297 2220; baseline 0.005 -28"><span class='ocrx_word' id='word_1_70' title='bbox 139 2123 206 2195; x_wconf 88' lang='lat' dir='ltr'>Sed</span> <span class='ocrx_word' id='word_1_71' title='bbox 233 2083 476 2218; x_wconf 86' lang='lat' dir='ltr'>proculdubio</span> <span class='ocrx_word' id='word_1_72' title='bbox 502 2145 572 2194; x_wconf 89' lang='lat' dir='ltr'>nec</span> <span class='ocrx_word' id='word_1_73' title='bbox 597 2133 725 2218; x_wconf 88' lang='lat' dir='ltr'>quarta</span> <span class='ocrx_word' id='word_1_74' title='bbox 750 2122 855 2193; x_wconf 89' lang='lat' dir='ltr'>litera</span> <span class='ocrx_word' id='word_1_75' title='bbox 881 2133 934 2194; x_wconf 88' lang='lat' dir='ltr'>est</span> <span class='ocrx_word' id='word_1_76' title='bbox 963 2133 988 2197; x_wconf 86' lang='grc' dir='ltr'>Ε</span> <span class='ocrx_word' id='word_1_77' title='bbox 1017 2131 1083 2197; x_wconf 87' lang='lat' dir='ltr'>ne&#39;c</span> <span class='ocrx_word' id='word_1_78' title='bbox 1106 2126 1231 2220; x_wconf 85' lang='lat' dir='ltr'>quinta</span> <span class='ocrx_word' id='word_1_79' title='bbox 1258 2131 1297 2198; x_wconf 78' lang='grc' dir='ltr'>Χ.</span> 
     </span>
    </p>
   </div>
   <div class='ocr_carea' id='block_1_6' title="bbox 140 2281 1296 2546">
    <p class='ocr_par' dir='ltr' id='par_1_6' title="bbox 140 2281 1296 2546">
     <span class='ocr_line' id='line_1_14' title="bbox 140 2281 608 2382; baseline -0.009 -23"><span class='ocrx_word' id='word_1_80' title='bbox 140 2286 333 2382; x_wconf 87' lang='lat' dir='ltr'>lluightius</span> <span class='ocrx_word' id='word_1_81' title='bbox 359 2285 412 2356; x_wconf 87' lang='lat' dir='ltr'>ita</span> <span class='ocrx_word' id='word_1_82' title='bbox 437 2281 608 2379; x_wconf 80' lang='lat' dir='ltr'>explieat¹</span> 
     </span>
     <span class='ocr_line' id='line_1_15' title="bbox 158 2472 1296 2546; baseline 0.001 -4"><span class='ocrx_word' id='word_1_83' title='bbox 158 2473 387 2542; x_wconf 85' lang='grc' dir='ltr'><strong>ΤΑΡΛΕΙΟΙ</strong></span> <span class='ocrx_word' id='word_1_84' title='bbox 413 2472 686 2541; x_wconf 64' lang='lat' dir='ltr'>alstemo</span> <span class='ocrx_word' id='word_1_85' title='bbox 711 2473 820 2542; x_wconf 87' lang='grc' dir='ltr'><strong>ΙΔΙΕΙ</strong></span> <span class='ocrx_word' id='word_1_86' title='bbox 844 2473 949 2542; x_wconf 88' lang='grc' dir='ltr'>ΤΟΝ</span> <span class='ocrx_word' id='word_1_87' title='bbox 976 2475 1296 2546; x_wconf 76' lang='grc' dir='ltr'><strong>ΚΟΡΙΝΘΟΘΕΝ</strong></span> 
     </span>
    </p>
   </div>
   <div class='ocr_carea' id='block_1_7' title="bbox 330 2639 1133 2844">
    <p class='ocr_par' dir='ltr' id='par_1_7' title="bbox 330 2639 1133 2844">
     <span class='ocr_line' id='line_1_16' title="bbox 682 2639 758 2689; baseline 0.026 -3"><span class='ocrx_word' id='word_1_88' title='bbox 682 2639 706 2689; x_wconf 85' lang='lat' dir='ltr'>l.</span> <span class='ocrx_word' id='word_1_89' title='bbox 726 2641 758 2689; x_wconf 76' lang='grc' dir='ltr'>θ.</span> 
     </span>
     <span class='ocr_line' id='line_1_17' title="bbox 330 2740 1133 2844; baseline 0 -29"><span class='ocrx_word' id='word_1_90' title='bbox 330 2747 391 2815; x_wconf 78' lang='lat' dir='ltr'>Tei</span> <span class='ocrx_word' id='word_1_91' title='bbox 415 2745 566 2839; x_wconf 72' lang='grc' dir='ltr'><strong>Ἀργεία</strong></span> <span class='ocrx_word' id='word_1_92' title='bbox 590 2743 750 2815; x_wconf 73' lang='grc' dir='ltr'><strong><em>ἀνέθεντο</em></strong></span> <span class='ocrx_word' id='word_1_93' title='bbox 775 2740 836 2844; x_wconf 66' lang='lat' dir='ltr'>idlp</span> <span class='ocrx_word' id='word_1_94' title='bbox 861 2750 928 2816; x_wconf 76' lang='grc' dir='ltr'>τῶν</span> <span class='ocrx_word' id='word_1_95' title='bbox 954 2748 1133 2839; x_wconf 78' lang='grc' dir='ltr'>Κορινθίων</span> 
     </span>
    </p>
   </div>
   <div class='ocr_carea' id='block_1_8' title="bbox 127 2906 1373 4160">
    <p class='ocr_par' dir='ltr' id='par_1_8' title="bbox 127 2906 1373 4160">
     <span class='ocr_line' id='line_1_18' title="bbox 127 2906 1373 3002; baseline 0.005 -24"><span class='ocrx_word' id='word_1_96' title='bbox 127 2906 288 2996; x_wconf 38' lang='lat' dir='ltr'>‚Musam</span> <span class='ocrx_word' id='word_1_97' title='bbox 315 2932 368 2981; x_wconf 86' lang='lat' dir='ltr'>sc.</span> <span class='ocrx_word' id='word_1_98' title='bbox 396 2918 614 3002; x_wconf 86' lang='lat' dir='ltr'>postremam</span> <span class='ocrx_word' id='word_1_99' title='bbox 650 2906 763 2979; x_wconf 72' lang='lat' dir='ltr'>literas</span> <span class='ocrx_word' id='word_1_100' title='bbox 795 2917 822 2982; x_wconf 82' lang='grc' dir='ltr'>Ε</span> <span class='ocrx_word' id='word_1_101' title='bbox 849 2908 988 2979; x_wconf 85' lang='lat' dir='ltr'>incuria</span> <span class='ocrx_word' id='word_1_102' title='bbox 1018 2908 1074 2981; x_wconf 84' lang='lat' dir='ltr'>vel</span> <span class='ocrx_word' id='word_1_103' title='bbox 1101 2910 1332 2984; x_wconf 79' lang='lat' dir='ltr'>festinatione</span> <span class='ocrx_word' id='word_1_104' title='bbox 1362 2974 1373 2993; x_wconf 84' lang='lat'>,</span> 
     </span>
     <span class='ocr_line' id='line_1_19' title="bbox 142 3010 1331 3134; baseline 0.004 -27"><span class='ocrx_word' id='word_1_105' title='bbox 142 3040 301 3110; x_wconf 85' lang='lat' dir='ltr'>omissam</span> <span class='ocrx_word' id='word_1_106' title='bbox 321 3060 402 3110; x_wconf 89' lang='lat' dir='ltr'>esse</span> <span class='ocrx_word' id='word_1_107' title='bbox 417 3047 532 3131; x_wconf 86' lang='lat' dir='ltr'>putat,</span> <span class='ocrx_word' id='word_1_108' title='bbox 544 3010 609 3107; x_wconf 29' lang='lat' dir='ltr'>*ita</span> <span class='ocrx_word' id='word_1_109' title='bbox 630 3047 671 3107; x_wconf 89' lang='lat' dir='ltr'>ut</span> <span class='ocrx_word' id='word_1_110' title='bbox 699 3047 721 3108; x_wconf 67' lang='lat' dir='ltr'><strong>f</strong></span> <span class='ocrx_word' id='word_1_111' title='bbox 746 3037 977 3125; x_wconf 80' lang='lat' dir='ltr'>scriberetur,</span> <span class='ocrx_word' id='word_1_112' title='bbox 996 3038 1093 3134; x_wconf 90' lang='lat' dir='ltr'>quod</span> <span class='ocrx_word' id='word_1_113' title='bbox 1118 3038 1227 3111; x_wconf 90' lang='lat' dir='ltr'>bisin</span> <span class='ocrx_word' id='word_1_114' title='bbox 1246 3063 1331 3112; x_wconf 86' lang='lat' dir='ltr'>vase</span> 
     </span>
     <span class='ocr_line' id='line_1_20' title="bbox 143 3168 1328 3266; baseline -0.002 -25"><span class='ocrx_word' id='word_1_115' title='bbox 143 3169 235 3241; x_wconf 81' lang='lat' dir='ltr'>fictili</span> <span class='ocrx_word' id='word_1_116' title='bbox 266 3170 415 3266; x_wconf 85' lang='lat' dir='ltr'>depicto</span> <span class='ocrx_word' id='word_1_117' title='bbox 448 3170 546 3265; x_wconf 91' lang='lat' dir='ltr'>apud</span> <span class='ocrx_word' id='word_1_118' title='bbox 579 3168 619 3241; x_wconf 85' lang='lat' dir='ltr'>J.</span> <span class='ocrx_word' id='word_1_119' title='bbox 641 3168 816 3240; x_wconf 81' lang='lat' dir='ltr'>Edwards</span> <span class='ocrx_word' id='word_1_120' title='bbox 849 3168 983 3240; x_wconf 84' lang='lat' dir='ltr'>lactum</span> <span class='ocrx_word' id='word_1_121' title='bbox 1019 3172 1203 3241; x_wconf 49' lang='lat' dir='ltr'>testatur&amp;</span> <span class='ocrx_word' id='word_1_122' title='bbox 1256 3168 1328 3239; x_wconf 88' lang='lat' dir='ltr'>Sed</span> 
     </span>
     <span class='ocr_line' id='line_1_21' title="bbox 142 3294 1328 3393; baseline 0.001 -29"><span class='ocrx_word' id='word_1_123' title='bbox 142 3296 341 3393; x_wconf 88' lang='lat' dir='ltr'>hujusmodi</span> <span class='ocrx_word' id='word_1_124' title='bbox 379 3295 601 3393; x_wconf 88' lang='lat' dir='ltr'>conjecturis</span> <span class='ocrx_word' id='word_1_125' title='bbox 634 3294 694 3367; x_wconf 83' lang='lat' dir='ltr'>vix</span> <span class='ocrx_word' id='word_1_126' title='bbox 731 3296 923 3393; x_wconf 87' lang='lat' dir='ltr'>indulgere</span> <span class='ocrx_word' id='word_1_127' title='bbox 964 3296 1059 3381; x_wconf 88' lang='lat' dir='ltr'>lieet,</span> <span class='ocrx_word' id='word_1_128' title='bbox 1103 3294 1170 3367; x_wconf 87' lang='lat' dir='ltr'>nisi</span> <span class='ocrx_word' id='word_1_129' title='bbox 1211 3294 1328 3366; x_wconf 89' lang='lat' dir='ltr'>locum</span> 
     </span>
     <span class='ocr_line' id='line_1_22' title="bbox 142 3404 1328 3520; baseline -0.002 -25"><span class='ocrx_word' id='word_1_130' title='bbox 142 3423 237 3495; x_wconf 86' lang='lat' dir='ltr'>aliter</span> <span class='ocrx_word' id='word_1_131' title='bbox 259 3424 442 3520; x_wconf 85' lang='lat' dir='ltr'>explicare</span> <span class='ocrx_word' id='word_1_132' title='bbox 467 3404 642 3517; x_wconf 80' lang='lat' dir='ltr'>nequeas.</span> <span class='ocrx_word' id='word_1_133' title='bbox 694 3422 776 3495; x_wconf 90' lang='lat' dir='ltr'>Hoc</span> <span class='ocrx_word' id='word_1_134' title='bbox 802 3424 898 3496; x_wconf 89' lang='lat' dir='ltr'>enim</span> <span class='ocrx_word' id='word_1_135' title='bbox 922 3447 993 3495; x_wconf 90' lang='lat' dir='ltr'>non</span> <span class='ocrx_word' id='word_1_136' title='bbox 1021 3434 1075 3494; x_wconf 88' lang='lat' dir='ltr'>est</span> <span class='ocrx_word' id='word_1_137' title='bbox 1097 3422 1328 3519; x_wconf 83' lang='lat' dir='ltr'>antiquorum</span> 
     </span>
     <span class='ocr_line' id='line_1_23' title="bbox 143 3549 1331 3650; baseline -0.002 -28"><span class='ocrx_word' id='word_1_138' title='bbox 143 3552 306 3650; x_wconf 84' lang='lat' dir='ltr'>reliquias</span> <span class='ocrx_word' id='word_1_139' title='bbox 342 3553 513 3636; x_wconf 87' lang='lat' dir='ltr'>enodare,</span> <span class='ocrx_word' id='word_1_140' title='bbox 554 3551 618 3623; x_wconf 93' lang='lat' dir='ltr'>sed</span> <span class='ocrx_word' id='word_1_141' title='bbox 652 3574 744 3622; x_wconf 80' lang='lat' dir='ltr'>nova</span> <span class='ocrx_word' id='word_1_142' title='bbox 778 3550 933 3623; x_wconf 87' lang='lat' dir='ltr'>efficere.</span> <span class='ocrx_word' id='word_1_143' title='bbox 986 3549 1113 3648; x_wconf 81' lang='lat' dir='ltr'>Negat</span> <span class='ocrx_word' id='word_1_144' title='bbox 1148 3550 1240 3622; x_wconf 89' lang='lat' dir='ltr'>idem</span> <span class='ocrx_word' id='word_1_145' title='bbox 1278 3552 1331 3623; x_wconf 89' lang='lat' dir='ltr'>vir</span> 
     </span>
     <span class='ocr_line' id='line_1_24' title="bbox 144 3679 1332 3777; baseline -0.001 -25"><span class='ocrx_word' id='word_1_146' title='bbox 144 3684 298 3755; x_wconf 88' lang='lat' dir='ltr'>eruditus</span> <span class='ocrx_word' id='word_1_147' title='bbox 321 3684 436 3755; x_wconf 76' lang='grc' dir='ltr'>ἀνέθεν</span> <span class='ocrx_word' id='word_1_148' title='bbox 459 3704 527 3775; x_wconf 88' lang='lat' dir='ltr'>pro</span> <span class='ocrx_word' id='word_1_149' title='bbox 549 3680 711 3753; x_wconf 74' lang='grc' dir='ltr'>ἀνέθεσαν</span> <span class='ocrx_word' id='word_1_150' title='bbox 734 3702 893 3773; x_wconf 88' lang='lat' dir='ltr'>unquam</span> <span class='ocrx_word' id='word_1_151' title='bbox 923 3703 1002 3752; x_wconf 88' lang='lat' dir='ltr'>esse</span> <span class='ocrx_word' id='word_1_152' title='bbox 1028 3679 1197 3774; x_wconf 85' lang='lat' dir='ltr'>positum,</span> <span class='ocrx_word' id='word_1_153' title='bbox 1226 3680 1332 3777; x_wconf 86' lang='lat' dir='ltr'>eujus</span> 
     </span>
     <span class='ocr_line' id='line_1_25' title="bbox 143 3807 1330 3905; baseline 0.002 -28"><span class='ocrx_word' id='word_1_154' title='bbox 143 3810 340 3904; x_wconf 82' lang='lat' dir='ltr'>exemplum</span> <span class='ocrx_word' id='word_1_155' title='bbox 363 3808 395 3879; x_wconf 92' lang='lat' dir='ltr'>si</span> <span class='ocrx_word' id='word_1_156' title='bbox 419 3830 546 3879; x_wconf 81' lang='lat' dir='ltr'>revera</span> <span class='ocrx_word' id='word_1_157' title='bbox 571 3807 725 3891; x_wconf 88' lang='lat' dir='ltr'>deesset,</span> <span class='ocrx_word' id='word_1_158' title='bbox 754 3807 836 3903; x_wconf 90' lang='lat' dir='ltr'>quis</span> <span class='ocrx_word' id='word_1_159' title='bbox 860 3817 980 3879; x_wconf 86' lang='lat' dir='ltr'>tamen</span> <span class='ocrx_word' id='word_1_160' title='bbox 1007 3808 1053 3878; x_wconf 86' lang='lat' dir='ltr'>de</span> <span class='ocrx_word' id='word_1_161' title='bbox 1080 3810 1146 3877; x_wconf 83' lang='lat' dir='ltr'>lrac</span> <span class='ocrx_word' id='word_1_162' title='bbox 1172 3832 1330 3905; x_wconf 84' lang='lat' dir='ltr'>syncope</span> 
     </span>
     <span class='ocr_line' id='line_1_26' title="bbox 135 3934 1331 4032; baseline 0 -27"><span class='ocrx_word' id='word_1_163' title='bbox 135 3936 220 4031; x_wconf 86' lang='lat' dir='ltr'>jure</span> <span class='ocrx_word' id='word_1_164' title='bbox 235 3938 400 4010; x_wconf 86' lang='lat' dir='ltr'>dubitare</span> <span class='ocrx_word' id='word_1_165' title='bbox 425 3945 550 4030; x_wconf 89' lang='lat' dir='ltr'>posset</span> <span class='ocrx_word' id='word_1_166' title='bbox 569 3959 651 4007; x_wconf 88' lang='lat' dir='ltr'>curn</span> <span class='ocrx_word' id='word_1_167' title='bbox 677 3935 772 4007; x_wconf 88' lang='lat' dir='ltr'>mille</span> <span class='ocrx_word' id='word_1_168' title='bbox 792 3936 871 4009; x_wconf 87' lang='lat' dir='ltr'>lere</span> <span class='ocrx_word' id='word_1_169' title='bbox 894 3935 1026 4007; x_wconf 86' lang='lat' dir='ltr'>similes</span> <span class='ocrx_word' id='word_1_170' title='bbox 1052 3934 1188 4032; x_wconf 92' lang='lat' dir='ltr'>ubique</span> <span class='ocrx_word' id='word_1_171' title='bbox 1206 3936 1331 4032; x_wconf 82' lang='lat' dir='ltr'>legan-</span> 
     </span>
     <span class='ocr_line' id='line_1_27' title="bbox 142 4061 1332 4160; baseline 0.001 -27"><span class='ocrx_word' id='word_1_172' title='bbox 142 4073 212 4137; x_wconf 89' lang='lat' dir='ltr'>tur.</span> <span class='ocrx_word' id='word_1_173' title='bbox 258 4066 352 4139; x_wconf 77' lang='lat' dir='ltr'>cnm</span> <span class='ocrx_word' id='word_1_174' title='bbox 386 4062 508 4135; x_wconf 84' lang='lat' dir='ltr'>Graeci</span> <span class='ocrx_word' id='word_1_175' title='bbox 541 4064 670 4147; x_wconf 56' lang='grc' dir='ltr'>τίθενθ,</span> <span class='ocrx_word' id='word_1_176' title='bbox 704 4064 786 4151; x_wconf 55' lang='lat' dir='ltr'>laed,</span> <span class='ocrx_word' id='word_1_177' title='bbox 823 4062 994 4160; x_wconf 76' lang='grc' dir='ltr'>ἐφόβηθεν</span> <span class='ocrx_word' id='word_1_178' title='bbox 1004 4062 1028 4147; x_wconf 82' lang='lat'>⁸,</span> <span class='ocrx_word' id='word_1_179' title='bbox 1061 4062 1117 4135; x_wconf 85' lang='lat' dir='ltr'>vel</span> <span class='ocrx_word' id='word_1_180' title='bbox 1151 4063 1179 4133; x_wconf 91' lang='lat' dir='ltr'>si</span> <span class='ocrx_word' id='word_1_181' title='bbox 1212 4061 1332 4156; x_wconf 88' lang='lat' dir='ltr'>paullo</span> 
     </span>
    </p>
   </div>
   <div class='ocr_carea' id='block_1_9' title="bbox 184 4340 1334 4615">
    <p class='ocr_par' dir='ltr' id='par_1_9' title="bbox 184 4340 1334 4615">
     <span class='ocr_line' id='line_1_28' title="bbox 185 4340 1334 4420; baseline -0.003 -19"><span class='ocrx_word' id='word_1_182' title='bbox 185 4344 524 4420; x_wconf 71' lang='lat' dir='ltr'>¹Eplr.Class.l.328.</span> <span class='ocrx_word' id='word_1_183' title='bbox 802 4344 924 4401; x_wconf 70' lang='lat' dir='ltr'>‘Horu</span> <span class='ocrx_word' id='word_1_184' title='bbox 956 4340 1036 4399; x_wconf 84' lang='lat' dir='ltr'>lliad.</span> <span class='ocrx_word' id='word_1_185' title='bbox 1072 4340 1117 4398; x_wconf 90' lang='lat' dir='ltr'>M.</span> <span class='ocrx_word' id='word_1_186' title='bbox 1151 4344 1199 4399; x_wconf 79' lang='lat'>33.</span> <span class='ocrx_word' id='word_1_187' title='bbox 1253 4340 1334 4398; x_wconf 84' lang='lat' dir='ltr'>Pind.</span> 
     </span>
     <span class='ocr_line' id='line_1_29' title="bbox 184 4434 993 4531; baseline -0.002 -36"><span class='ocrx_word' id='word_1_188' title='bbox 184 4438 324 4519; x_wconf 75' lang='lat' dir='ltr'>&#39;Prolag.</span> <span class='ocrx_word' id='word_1_189' title='bbox 339 4443 376 4499; x_wconf 91' lang='lat' dir='ltr'>ad</span> <span class='ocrx_word' id='word_1_190' title='bbox 388 4440 477 4498; x_wconf 87' lang='lat' dir='ltr'>Hom.</span> <span class='ocrx_word' id='word_1_191' title='bbox 491 4456 573 4498; x_wconf 79' lang='lat' dir='ltr'>curs.</span> <span class='ocrx_word' id='word_1_192' title='bbox 594 4460 624 4517; x_wconf 88' lang='lat' dir='ltr'>p.</span> <span class='ocrx_word' id='word_1_193' title='bbox 639 4446 686 4499; x_wconf 80' lang='grc'>80.</span> <span class='ocrx_word' id='word_1_194' title='bbox 764 4438 867 4496; x_wconf 86' lang='lat' dir='ltr'>lsthm.</span> <span class='ocrx_word' id='word_1_195' title='bbox 890 4434 913 4495; x_wconf 92' lang='lat' dir='ltr'>l.</span> <span class='ocrx_word' id='word_1_196' title='bbox 943 4440 993 4531; x_wconf 69' lang='lat' dir='ltr'>Sl.</span> 
     </span>
     <span class='ocr_line' id='line_1_30' title="bbox 184 4530 1115 4615; baseline -0.012 -17"><span class='ocrx_word' id='word_1_197' title='bbox 184 4532 198 4613; x_wconf 62' lang='lat' dir='ltr'>f</span> <span class='ocrx_word' id='word_1_198' title='bbox 219 4534 327 4600; x_wconf 82' lang='lat' dir='ltr'>Piadar.</span> <span class='ocrx_word' id='word_1_199' title='bbox 339 4536 420 4615; x_wconf 85' lang='lat' dir='ltr'>Pyth</span> <span class='ocrx_word' id='word_1_200' title='bbox 434 4536 491 4597; x_wconf 88' lang='lat' dir='ltr'>lll.</span> <span class='ocrx_word' id='word_1_201' title='bbox 508 4542 574 4595; x_wconf 76' lang='lat'>114.</span> <span class='ocrx_word' id='word_1_202' title='bbox 802 4530 814 4561; x_wconf 78' lang='lat'>⁸</span> <span class='ocrx_word' id='word_1_203' title='bbox 835 4530 922 4590; x_wconf 85' lang='lat' dir='ltr'><strong>Hom.</strong></span> <span class='ocrx_word' id='word_1_204' title='bbox 937 4530 972 4589; x_wconf 92' lang='lat' dir='ltr'>ll.</span> <span class='ocrx_word' id='word_1_205' title='bbox 988 4530 1031 4586; x_wconf 89' lang='lat' dir='ltr'>M.</span> <span class='ocrx_word' id='word_1_206' title='bbox 1046 4534 1115 4594; x_wconf 78' lang='grc'><strong>470.</strong></span> 
     </span>
    </p>
   </div>
   <div class='ocr_carea' id='block_1_10' title="bbox 0 0 1635 5350">
    <p class='ocr_par' dir='ltr' id='par_1_10' title="bbox 0 0 1635 5350">
     <span class='ocr_line' id='line_1_31' title="bbox 0 0 1635 5350; baseline 0 0"><span class='ocrx_word' id='word_1_207' title='bbox 0 0 1635 5350; x_wconf 95' lang='lat' dir='ltr'> </span> 
     </span>
    </p>
   </div>
  </div>
 </body>
</html>
