3250 5350
114 495 235 564 insen¹¹
252 487 329 568 VL]
455 505 468 524 ⁸
665 497 734 576 127

112 665 221 762 lapsus
242 673 309 750 eet,
333 661 544 763 ubieunque
569 665 696 740 incidit
719 667 987 758 ‘moerentes
1005 667 1130 768 aliquo
1151 675 1298 750 mentio.

113 793 160 866 De
184 791 464 870 Helleuotanriie
488 791 647 868 breviter
679 793 887 883 dicendum,
920 819 1002 870 euro
1030 796 1298 898 lexicographi

112 923 222 998 Greci
241 931 376 1020 praeter
389 922 614 1022 Hesychiuro
632 937 696 1000 aut
710 927 798 1000 nihil
812 927 859 1000 od
874 951 949 1002 rem
965 939 1031 1002 ant
1046 929 1136 1003 falso
1150 933 1302 1008 oennino

111 1055 148 1126 de
165 1054 228 1128 illo
253 1052 465 1152 magistratu
487 1055 706 1153 scripserint.
759 1057 849 1134 Post
871 1081 930 1133 rea
953 1059 1133 1152 Persicas,
1154 1073 1195 1135 at
1213 1064 1302 1137 satie

110 1195 240 1273 notum,
285 1185 498 1282 respublicae
533 1187 678 1262 Graecas
714 1190 884 1276 minores,
924 1192 1124 1287 praesert‘un
1159 1193 1301 1284 imolae,

110 1349 213 1400 naues
237 1325 517 1422 suppeditavere
537 1339 574 1401 et
592 1327 739 1424 aliquod
755 1329 923 1426 pecunie
938 1331 1133 1428 quotannis
1149 1332 1301 1422 solvere,

110 1460 198 1558 qnod
224 1455 363 1531 scilicet
390 1455 428 1529 in
456 1468 596 1554 partem
623 1459 864 1554 impensorum
892 1459 977 1534 belli
1007 1471 1135 1534 contra
1168 1459 1301 1536 Persae

109 1591 257 1690 snwepti
292 1591 444 1666 reniret.
509 1592 603 1666 Haeo
639 1593 797 1689 pecunia
836 1595 991 1689 primurn
1029 1592 1069 1665 in
1108 1593 1304 1692 Apolliniie

109 1721 199 1797 Delii
234 1718 371 1816 ternpb
411 1729 553 1792 aemio
589 1729 717 1816 postea
748 1719 795 1793 ad
831 1720 994 1794 Athenas
1023 1720 1196 1796 transieta
1229 1731 1297 1796 eat.

109 1855 171 1946 Qui
204 1869 329 1932 tannen
359 1855 551 1954 pecuniam
583 1856 777 1944 contulere,
809 1857 983 1942 οἰκονόμοι
1013 1855 1119 1931 initio
1145 1856 1306 1946 erunt&

107 2009 167 2062 nee
184 1987 269 2062 aine
294 2007 421 2060 eoram
448 2009 628 2062 consensu
649 1983 824 2084 quiequid
843 1999 975 2063 aetum.
1027 1987 1150 2080 Quum
1174 1998 1299 2066 autern

108 2129 228 2212 postea
261 2116 332 2214 ipsi
360 2115 520 2192 roilitiurn
554 2115 809 2204 dementent,
846 2139 957 2192 neres
983 2147 1073 2194 nene
1099 2117 1296 2205 mitterent,

107 2251 293 2345 pecuniam
320 2273 386 2348 pro
417 2249 637 2339 hominibus,
674 2271 765 2345 quoe
798 2249 941 2323 mittere
968 2251 1142 2340 debuere,
1180 2252 1297 2350 accipi

105 2377 243 2464 vellent,
273 2389 339 2452 aut
359 2380 486 2476 (qnorn
515 2378 708 2474 peonniern
734 2379 896 2474 pendere
922 2389 988 2452 aut
1013 2379 1209 2478 nequirent
1232 2390 1298 2454 ant

105 2512 250 2606 nollent)
283 2511 546 2586 redentionem
579 2513 747 2585 deserere
785 2520 972 2606 cuperent,
1003 2509 1064 2582 elii
1097 2521 1178 2607 poet
1208 2513 1298 2586 ulios

62 2682 66 2693 ·
104 2641 135 2713 in
156 2641 335 2718 ditionem
361 2639 635 2716 Atheniensium
655 2638 790 2715 redacti
816 2649 914 2713 annt.
962 2639 1102 2713 Onnes
1121 2639 1296 2717 tributum

102 2775 259 2868 pendere
277 2772 407 2859 eoacti,
432 2772 531 2869 quod
548 2770 793 2845 Athenienses
805 2770 885 2869 jorn
900 2792 968 2866 pro
988 2768 1142 2844 ducibus
1159 2772 1297 2847 dornini

101 2902 182 2980 lacti
204 2907 244 2979 in
272 2926 357 2978 snos
384 2924 472 2977 uans
498 2900 694 2997 transferre
718 2924 741 2973 e
764 2897 930 2973 Pericle²
951 2898 1072 2973 edocti
1098 2912 1196 2991 eunt,
1222 2926 1297 3002 quo
1366 2969 1370 2978 .

100 3054 248 3117 anctore
281 3042 351 3115 hac
383 3038 539 3137 pecunie
571 3039 626 3113 uai
662 3047 747 3111 sunt
778 3038 825 3110 nd
854 3036 981 3111 urbem
1010 3036 1191 3133 prteclorie
1227 3036 1300 3110 illie

100 3182 267 3278 open'bua
295 3178 493 3253 ornandam
521 3200 605 3275 quae
631 3202 697 3251 nos
724 3174 832 3250 etiam
858 3175 1024 3249 hodierni
1052 3176 1233 3265 miramur,
1258 3186 1298 3250 et

98 3314 270 3411 qrnumdiu
293 3312 487 3399 durabunt,
517 3310 623 3383 saeoln
645 3308 828 3384 venientia
849 3308 1086 3380 mirabuntur.
1137 3308 1297 3382 Theou

96 3444 367 3555 quadringenta
393 3462 475 3515 cum
497 3438 687 3539 sexaginte
712 3436 862 3526 initio³3
885 3446 1012 3534 posteo
1033 3438 1295 3538 sexingenta⁴3

94 3574 258 3672 denique
293 3570 507 3669 (Alcibiadis
542 3570 708 3667 consilio)
754 3570 863 3644 millia
898 3594 981 3644 oum
1013 3572 1203 3647 ducentis⁶
1241 3574 1298 3651 rel
1398 3576 1402 3581 ’

92 3707 268 3783 trecentis
280 3706 309 3795 ⁶,
341 3706 446 3781 sociis
473 3706 698 3805 imperavere
735 3702 991 3777 Athenienses.
1041 3704 1297 3793 Ἑλληνοτομῐοο

90 3848 231 3926 autern,
271 3848 313 3911 ut
348 3859 433 3912 vere
466 3834 684 3935 Hesychius,
722 3843 784 3909 τοῦ
816 3834 1028 3933 κομιζομένου
1063 3838 1172 3935 φόρου
1204 3840 1297 3936 πορᾶ

88 3972 267 4062 Ἀθηναίοις
289 3976 405 4059 ταμίαι
427 3980 541 4045 erant.
585 3968 719 4043 Ceteri
739 3965 1010 4065 Lexicogrophi
1026 3976 1090 4040 aut
1111 3978 1190 4041 toto
1206 3968 1296 4042 caelo

86 4106 270 4181 oberrant
284 4112 350 4176 eut
363 4100 451 4175 nihil
465 4100 656 4199 explicant.
698 4098 828 4175 Pollux
845 4096 1294 4192 quiderni‘Ehhoooropioo

124 4325 303 4402 ¹'I'hncyd
318 4322 343 4382 l.
358 4326 407 4390 57.
762 4317 1294 4394 *Thucyd.11.rs.pluuhrist.es.

121 4426 135 4458 ²
161 4416 433 4481 Diodor.xl1.es.
464 4413 538 4473 Plut
552 4414 676 4475 Penii.
763 4410 1139 4474 ‘Aoooeenteiurrd

119 4516 136 4599 ³.
161 4510 409 4595 Thucyd,1.96.
438 4508 515 4572 Plut.
530 4509 674 4587 Aristoph.
764 4504 942 4566 ‘Plutarch
956 4503 1104 4587 neseph.
1118 4514 1169 4570 to.

79 4618 134 4675 34,
764 4606 776 4645 ⁷
798 4602 869 4664 Pon.
884 4603 972 4667 vrn.
989 4610 1035 4664 ιο.
