3250 5350
848 488 918 548 208
1249 488 1397 570 [Crass.
1420 490 1481 555 lll.

355 650 568 725 Notandum
598 663 652 725 est
689 654 797 727 linem
838 655 1066 755 Epigraphes
1101 657 1197 729 haud
1233 660 1359 732 eedem
1397 684 1483 733 cure

281 814 323 862 ac
362 790 502 863 initium
544 790 715 888 scriptum
764 816 854 865 esse.
916 792 1072 865 Numeri
1116 794 1213 866 haud
1262 796 1336 869 suis
1379 798 1482 871 lineis

282 930 526 1016 apponuntur,
559 932 596 993 et
629 922 751 994 multas
780 946 902 1017 pravae
931 923 1105 997 lectiones
1136 925 1374 1001 inducuntur.
1424 928 1480 1001 CI·

280 1052 322 1126 ll.
347 1067 427 1127 124.
460 1050 540 1126 162.
569 1064 650 1142 174.
704 1054 762 1129 De
786 1080 924 1127 summa
948 1078 1068 1127 rerum
1098 1056 1148 1129 ita
1171 1080 1257 1129 vere
1277 1058 1479 1142 ,Miillerus

357 1186 517 1257 “Facile
542 1183 769 1283 intelligitur,
798 1195 975 1285 quantum
1000 1186 1164 1258 conferat
1192 1188 1271 1259 haec
1295 1187 1479 1284 inscriptio

285 1317 331 1388 ad
367 1317 575 1388 methodum
612 1318 830 1389 noscendam
865 1328 903 1389 et
936 1318 1100 1390 ordinem
1133 1328 1296 1391 veterum
1331 1318 1371 1391 in
1405 1320 1479 1393 oede

282 1448 516 1543 perficienda.
586 1450 758 1546 Apparet,
800 1450 904 1545 plura
940 1450 988 1521 ab
1024 1448 1069 1521 iis
1105 1449 1255 1523 seorsim
1292 1451 1414 1523 excisa
1446 1464 1478 1523 et

283 1579 421 1676 scalpta
442 1604 533 1670 esse,
559 1605 642 1680 quae
669 1604 750 1651 cum
776 1580 857 1651 aliis
882 1579 1051 1652 membris
1075 1603 1123 1652 ex
1147 1604 1223 1651 uno
1247 1603 1335 1653 saxo
1361 1582 1477 1655 facere

281 1720 461 1805 poterant.
515 1711 571 1782 lta
592 1711 636 1783 de
655 1710 810 1808 cymatio
834 1708 991 1805 epistylii
1011 1708 1110 1782 etde
1127 1708 1320 1781 denticulis
1338 1732 1477 1781 corone

275 1840 420 1939 judices
455 1864 605 1914 necesse
639 1851 716 1913 est:
758 1842 867 1911 immo
901 1848 1115 1911 ornamenta
1148 1839 1304 1935 capitelli
1335 1839 1475 1936 parietis

281 1974 328 2045 ab
367 1972 444 2069 ipso
486 1973 653 2069 capitello
694 1983 831 2045 semota
874 1981 1128 2043 memorantur.
1198 1972 1320 2044 Omne
1360 1984 1474 2045 autem

283 2100 448 2174 subtilius
478 2102 669 2175 artificium
706 2126 729 2173 a
762 2102 843 2173 rudi
878 2124 989 2197 opera
1021 2099 1186 2197 lapicidae
1216 2100 1323 2197 plane
1357 2125 1476 2199 segre·
1585 2137 1586 2140 ¹

284 2244 420 2331 gutum,
445 2234 494 2303 ita
511 2242 551 2304 ut
571 2232 630 2305 alii
650 2230 875 2316 exciderent,
898 2229 960 2301 alii
984 2230 1163 2313 simarent,
1189 2230 1250 2303 alii
1268 2231 1473 2327 sculperent.
1586 2301 1587 2328 p

286 2366 535 2467 Dlstlnguilur
577 2368 673 2442 lnler
714 2366 851 2455 τέμνειν,
895 2371 987 2437 λεῖον
1019 2372 1209 2453 ποιεῖσθαι,
1251 2369 1474 2451 κατατέμνειν,

285 2502 450 2594 κατοξεῖν,
481 2496 636 2595 polidoro,
666 2497 760 2569 inter
786 2495 989 2593 ἐργάζεσθαι
1022 2506 1060 2567 et
1085 2496 1349 2594 ἑπεργιίζεσθοι.
1399 2496 1475 2569 lloc

283 2629 496 2729 plerumque
530 2629 651 2715 fiebat,
685 2650 765 2699 cum
801 2624 938 2721 lapides
960 2624 1038 2725 jam
1068 2647 1134 2697 suo
1162 2624 1242 2698 loco
1278 2626 1316 2699 in
1347 2626 1477 2724 pariete
1587 2671 1588 2677 κ

284 2762 390 2856 positi
422 2769 554 2840 essent,
590 2757 650 2853 qui
679 2779 764 2828 usus
789 2755 897 2826 etiam
923 2757 1021 2851 apud
1048 2755 1249 2857 AEgyptios
1271 2759 1477 2834 observatur

147 2967 150 2974 .
284 2890 440 2986 capitula
466 2887 672 2983 sculpentes
690 2887 768 2984 jam
797 2885 971 2959 columnis
997 2887 1199 2983 imposita.”

360 3019 458 3092 “Sat
492 3015 619 3091 multas
655 3039 760 3088 voces
800 3016 951 3090 Graecas
984 3018 1020 3089 in
1049 3018 1117 3089 hac
1147 3018 1384 3115 inscriptione
1406 3018 1479 3090 sola

284 3163 435 3242 exstare,
463 3153 515 3226 lo.
539 3151 588 3224 G.
608 3150 833 3237 Schneideri,
860 3152 919 3223 cui
939 3151 1112 3247 imprimis
1136 3151 1242 3227 velim
1265 3154 1346 3226 haec
1368 3176 1479 3250 opero

284 3287 436 3386 placcat,
479 3297 604 3360 acutos
648 3286 772 3358 oculos
815 3309 889 3359 uon
932 3285 1038 3384 fugit.
1109 3285 1232 3380 Atque
1271 3289 1383 3360 verba
1415 3321 1478 3372 μα-
1523 3262 1528 3277 .

285 3421 473 3514 σχαλιιιῖος,
512 3418 603 3490 λίθος
630 3414 711 3510 τρός
735 3411 761 3505 ᾧ
788 3413 836 3484 τοί
865 3411 932 3510 ζῷα
961 3413 1003 3507 (l.
1037 3438 1072 3508 q.
1108 3408 1305 3510 διάζωσμα),
1344 3421 1473 3510 γεῖσον,

281 3547 479 3636 ἑπίστατον,
525 3539 752 3644 ἇρῤιίβθωτος,
801 3542 1000 3639 τρόστασις,
1047 3543 1271 3640 ὀρθοστᾶτης,
1327 3551 1478 3643 θνιῐχοῖις,

281 3685 459 3782 ἑποροφίοι,
507 3683 627 3779 κάλχη,
679 3684 765 3754 λίθοι
813 3683 976 3768 aler-roim,
1032 3677 1133 3775 ζύγα,
1183 3680 1378 3779 ὑπέρθυρον,
1431 3680 1481 3758 οἷς

281 3812 329 3886 G.
362 3809 522 3885 Willrins
545 3809 624 3907 jam
659 3806 736 3880 fere
776 3802 976 3899 explicavit,
1020 3803 1130 3876 falsus
1165 3815 1286 3879 tamen
1319 3821 1361 3882 ut
1393 3822 1483 3905 puto

280 3947 317 4018 in
342 3940 620 4040 interpretandis
642 3943 787 4025 πλίνθος,
808 3935 1005 4033 ἑπικρανῐτις
1024 3938 1150 4031 (quom
1170 3936 1308 4009 Athen.
1332 3938 1376 4010 V.
1393 3955 1485 4014 205.
1518 3918 1525 3934 ⁸

281 4078 324 4150 τὸ
365 4084 484 4172 ’γεῖσον
526 4051 591 4148 ἔων
625 4076 686 4143 τοῦ
729 4065 989 4164 τεριτρίχοντος
1028 4065 1255 4159 ἐπιστυλίου),
1298 4071 1487 4162 γογγύλος

280 4214 383 4297 λίθος,
416 4212 604 4304 ᾰντέμοροι,
636 4201 797 4288 μέτοικον,
834 4195 943 4295 ᾰρμός,
977 4195 1140 4284 ἇνθίμιον,
1176 4208 1370 4296 σφηκίσκον,
1396 4205 1487 4290 ίμᾶς,

282 4342 351 4418 nisi
379 4343 528 4414 fortasse
558 4339 596 4410 in
628 4332 842 4433 quibusdam
874 4339 1028 4426 uterquc
1058 4329 1248 4403 fallimurf’

278 4526 313 4584 ad
335 4519 473 4595 Hesych„
494 4519 610 4580 Hesiod.
634 4517 712 4576 Scut.
734 4533 763 4572 v.
787 4517 857 4578 271.
878 4517 991 4586 etpost
1016 4509 1191 4587 Stephanum
1214 4510 1244 4568 in
1268 4531 1347 4588 voce,
1370 4517 1490 4578 Athen.

279 4620 366 4679 VIII.
388 4637 417 4692 p.
433 4611 501 4674 360.
