3250 5350
133 474 256 538 lusca.
279 464 391 546 vui]
715 458 784 550 167
840 509 845 520 ·

131 663 211 725 usta
246 661 282 724 et
319 647 539 722 obfuscato².
614 647 687 722 Hic
729 649 842 744 signo
885 646 1120 720 Butodorum
1164 646 1320 736 familias,

131 783 305 880 pleraque
330 781 498 880 lignea²z
529 783 623 856 inter
651 805 732 877 quae
758 779 975 853 Pausaniam
999 778 1058 852 vix
1084 801 1195 852 unum
1225 803 1324 852 com*

132 936 348 988 memorasse
360 915 388 999 ³,
424 913 630 985 dolendum.
692 910 867 1006 Namque
896 909 1005 984 etiam
1038 907 1191 982 artificio
1224 931 1325 1004 quse-

134 1047 213 1118 dem
250 1043 406 1142 insignia
442 1055 558 1138 erant.
637 1039 854 1116 Thesaurus
891 1040 1051 1115 Poliadis
1086 1040 1182 1112 baud
1216 1038 1326 1111 dubie

134 1197 214 1248 cum
239 1172 369 1268 opibus
397 1171 548 1245 aliorum
572 1173 721 1246 deorum
745 1173 781 1242 in
809 1171 1051 1247 Parthenonis
1075 1171 1327 1270 opistbodomo

135 1305 300 1380 conditus
327 1305 465 1379 erat⁴.'’

209 1435 263 1508 Ut
288 1436 504 1510 Lectoribus
521 1437 566 1508 ad
588 1449 686 1511 reete
707 1437 946 1537 judicandum
965 1437 1010 1509 de
1035 1447 1159 1510 nostra
1174 1436 1328 1536 inscrip-

135 1570 234 1642 tione
267 1567 371 1639 latior
401 1577 524 1662 pateat
551 1567 669 1640 aditus
695 1567 842 1640 alteram
872 1567 1032 1666 ejusdem
1058 1563 1125 1640 viri
1153 1568 1330 1664 proeeiara

136 1698 330 1796 disputatio
356 1697 434 1797 jam
473 1698 646 1794 sequitur,
675 1724 696 1771 e
729 1722 802 1794 qua
832 1699 893 1797 qui
927 1698 981 1772 rei
1023 1699 1329 1773 Architectonicae

135 1834 255 1906 minus
291 1831 426 1926 peritus
465 1841 520 1902 est
560 1831 710 1904 muitum
742 1830 942 1930 adjumenti
977 1833 1145 1929 reperiet.
1214 1833 1329 1910 Aliter

121 1974 258 2036 *autem
293 1985 336 2034 ac
369 1959 587 2034 Wilkinsius
619 1961 730 2034 multa
754 1963 911 2059 explicat
938 1985 1009 2036 nee
1037 1987 1155 2038 meum
1184 1975 1240 2038 est
1269 1966 1329 2040 eui

139 2095 253 2193 magis
295 2093 516 2166 credendum
555 2093 719 2180 definire,
761 2095 924 2190 quamvis
963 2093 1003 2167 in
1044 2095 1207 2191 pluribus
1246 2121 1328 2173 cum

140 2225 337 2298 Wiikinsio
363 2223 512 2298 omnino
537 2224 769 2298 consentiam.

215 2361 339 2435 “Jam
374 2357 480 2432 facile
514 2358 733 2431 intellectum
770 2369 835 2445 est,
862 2359 1130 2456 dispositionem
1165 2373 1203 2435 et
1234 2389 1332 2438 com-

140 2489 423 2564 moduiationem
452 2486 628 2558 universae
653 2485 740 2557 aedis
770 2483 956 2558 ΡΙιίἰοοὶὶ5
984 2489 1187 2584 ceterisque
1213 2494 1333 2564 archi-

136 2625 245 2699 tectis
265 2622 380 2722 magis
396 2622 443 2693 ad
462 2643 564 2692 usum
583 2628 621 2691 et
636 2617 885 2691 necessitatem
904 2641 1085 2692 sacrorum
1104 2618 1330 2723 dirigendam

136 2758 268 2844 fuisse,
295 2750 470 2853 quemad
497 2751 680 2848 proprium
703 2751 863 2849 ipsorum
885 2751 1085 2839 arbitrium,
1112 2762 1150 2824 et
1174 2754 1331 2829 studium

137 2884 432 2989 puichritudinis.
486 2882 558 2953 Sed
584 2904 629 2953 eo
653 2882 823 2980 majorem
850 2882 1059 2955 industriam
1081 2884 1332 2981 perfectissimi

137 3021 166 3093 ii
194 3014 352 3092 artifices
373 3018 572 3109 posuerunt
588 3010 626 3082 in
654 3010 898 3085 describendis
915 3023 953 3084 et
980 3014 1149 3087 ornandis
1172 3018 1333 3110 partibus

182 3274 191 3306 ¹
219 3272 304 3329 Peus.
321 3270 344 3327 l.
361 3274 410 3339 27,
425 3274 454 3333 7.
763 3282 837 3341 equa
864 3266 1036 3344 perfundere)
1063 3268 1239 3331 κελευόντων.
1270 3274 1336 3330 ἀλλ’

183 3369 196 3401 s
218 3362 327 3424 Eixdssc
340 3362 489 3444 ξυλινιτοῦ
504 3385 539 3417 τε
554 3358 714 3438 Λυκούργου
764 3366 844 3443 ὀκνοῖ,
872 3362 944 3435 εἶπε,
956 3366 1010 3451 ‚psi
1033 3366 1077 3423 soi
1102 3366 1191 3424 τοῦτο
1213 3365 1335 3447 πάτριον

137 3466 186 3524 irai
207 3466 267 3521 τόυ
286 3464 348 3521 υἱοῖν
365 3456 640 3536 αὔτοῦ,”Αβρονος,
663 3456 716 3511 Λν·
765 3460 889 3535 γένηται.
917 3462 936 3518 i.
962 3481 987 3520 e.
1042 3463 1095 3520 Sed
1125 3463 1205 3523 valde
1232 3465 1336 3523 dubitor

81 3592 96 3617 ο
137 3560 275 3638 cedmon,
291 3556 482 3634 Λυκόφρονος,
499 3552 530 3611 ἃς
545 3551 716 3633 εἰργάσαντο
767 3554 844 3615 an‘et
863 3551 916 3615 boc
931 3560 1082 3632 (monitum
1101 3580 1200 3637 nempe
1218 3569 1338 3640 agreste)

136 3660 296 3739 Τίμαρχος
307 3656 351 3713 καὶ
363 3652 568 3731 Κηφισόδοτος
578 3655 604 3708 oi
615 3650 719 3730 Πραξι-
771 3654 805 3710 ad
820 3656 888 3711 ritus
902 3671 995 3710 sectos
1009 3656 1151 3728 pertineat.
1180 3661 1237 3735 Ap.
1254 3660 1337 3718 Petne.

135 3754 248 3815 τέλους
263 3756 333 3809 υἱεῖς.
376 3748 415 3805 V.
429 3750 467 3805 X.
482 3748 549 3805 Orr.
570 3766 598 3821 p.
612 3750 680 3803 258.
772 3751 796 3811 1.
812 3755 861 3818 27,
881 3746 911 3809 6.
932 3750 1127 3825 corrigendum
1145 3753 1270 3813 videtur:
1293 3756 1337 3815 καὶ

181 3850 195 3881 ³
215 3849 293 3928 Πρός
311 3848 353 3925 τῷ
376 3847 431 3925 ναῷ
452 3845 504 3913 τῆς
517 3842 636 3911 Ἀθηνᾶς
656 3842 720 3901 ἐστὶ
770 3847 928 3928 ἀνδριάντες
947 3850 1000 3907 sici
1018 3849 1192 3922 ΜΑΝΤΙΣ,
1212 3853 1242 3911 ὃς
1258 3854 1339 3925 ἐμον-

134 3948 194 4020 μὲυ
230 3942 364 4023 Εὖῆρις
399 3938 558 4019 πρεσβύτα
591 3936 661 3994 ὅσον
687 3958 721 3992 τε
771 3942 1010 4015 τειῖετοΤολμὶδη
1029 3946 1073 4001 καὶ
1090 3944 1176 4005 οὗτός
1191 3944 1336 4016 Τολμίδης.

136 4045 241 4124 πῆχυς
254 4040 384 4109 μάλιστα
395 4033 505 4114 φαμένη
520 4034 641 4092 διάκονος
655 4028 721 4089 εἶναι
773 4040 901 4098 Privatos
924 4042 1060 4118 ejusmodi
1089 4054 1168 4101 vata
1200 4039 1340 4097 habebant

137 4135 318 4217 Λοονμάχρ.
382 4129 454 4188 Haee
485 4129 646 4205 Lysimaclte
678 4146 723 4185 oc·
772 4140 857 4197 etiam
866 4138 1038 4211 Pisistratus,
1047 4139 1154 4207 Nicias,
1170 4135 1339 4196 Alcibiades.

212 4234 218 4245 ’
287 4272 295 4285 ·
385 4270 392 4283 .
468 4226 521 4282 v'.
674 4230 721 4278 1.

134 4227 469 4399 ‡“}³2‚P1lss;,db.
488 4224 667 4399 affixa
692 4229 725 4374 b*
775 4278 968 4444 lug-...m
985 4281 1160 4337 (aeonae.
1176 4277 1214 4336 11.
1228 4297 1257 4355 ρ.
1271 4274 1340 4339 16⁵.

134 4423 300 4495 Ἀθήνησιν
327 4424 346 4489 η’
374 4420 426 4488 τῆς
457 4414 596 4473 Πολιάδος
630 4411 723 4491 ἱέρεια,

132 4522 204 4579 τὸυ
222 4520 266 4575 w*
288 4516 351 4596 ispo*
373 4508 642 4594 προστογογόντωυ
659 4506 725 4586 eipe-
813 4501 826 4532 ⁶
847 4504 959 4562 Nomen
973 4523 1133 4583 quenquam
1147 4504 1282 4565 incerbrm
1295 4502 1343 4559 de·

133 4616 257 4691 oxo'unv
280 4611 310 4672 sui
331 4613 418 4693 χίας
437 4608 501 4688 (rite
522 4614 607 4685 ceput
629 4604 726 4664 hott‘tae
775 4599 849 4659 semi
862 4618 898 4659 ex
912 4600 1002 4659 lustr.
