3250 5350
253 449 312 522 viii
677 471 1019 522 rnounoouaus.

254 628 369 716 sium,¹
389 631 434 700 de
449 628 590 700 Graecae
603 628 740 725 linguas
754 639 834 700 ortu
850 627 1099 712 disserentem,
1114 646 1247 721 magno
1264 631 1395 695 conatu
1414 633 1451 694 et

253 758 370 854 longis
392 756 607 854 ambagibus
629 779 796 853 quaerere
819 781 866 828 an
896 755 1133 828 Deucalionis
1157 753 1393 850 cataclysmus
1412 754 1448 824 in

254 884 450 958 Thessalia
473 885 529 957 vel
552 885 589 956 in
608 885 863 979 Peloponneso
885 885 1005 955 factus
1023 886 1081 970 sit,
1109 884 1291 980 quomodo
1308 906 1329 952 e
1349 883 1450 954 Deu-

254 1015 393 1086 calione
412 1025 448 1084 et
468 1013 608 1110 Pyrrha
627 1025 838 1085 renovatum
857 1015 904 1086 sit
918 1039 1037 1110 genus
1054 1017 1266 1095 humanum,
1286 1024 1323 1082 et
1341 1011 1450 1083 millia

255 1145 415 1242 ejusdem
441 1144 569 1216 farinae
588 1144 775 1215 tractanda
791 1160 995 1236 proponere
1015 1144 1215 1214 audiamus.
1269 1139 1355 1213 Nec
1377 1163 1451 1211 me·

254 1273 374 1344 hercle
394 1298 464 1370 ego
485 1297 507 1344 a
531 1273 707 1345 tironibus
726 1270 940 1368 quibusdam
959 1284 995 1343 et
1013 1272 1172 1344 inficetis
1198 1285 1335 1343 temere
1354 1270 1451 1341 dicta

257 1402 448 1474 malevolus
466 1403 630 1498 profero;
660 1403 754 1472 idem
771 1402 866 1473 enim
884 1403 996 1490 furor,
1014 1404 1141 1497 eadem
1157 1399 1296 1472 insania
1313 1423 1449 1487 omnes,

256 1534 381 1602 doctos
398 1532 533 1626 pariter
557 1543 669 1626 atque
691 1531 867 1617 indoctos,
889 1532 1014 1628 agitat,
1040 1530 1274 1624 simulatque
1294 1532 1338 1600 ad
1357 1531 1451 1599 banc

258 1660 455 1732 materiem.
475 1661 695 1730 tractandam
731 1661 917 1730 accedant.
975 1659 1201 1730 Herodotum
1238 1671 1274 1732 et
1302 1658 1451 1754 Thucy-

258 1791 375 1862 didem
406 1791 462 1862 vel
496 1813 537 1861 ea
575 1812 657 1886 quae
694 1797 756 1859 aut
793 1787 860 1882 ipsi
898 1788 1002 1872 scire,
1044 1801 1105 1861 aut
1142 1790 1253 1861 fando
1286 1791 1452 1883 accipere

255 2103 393 2181 plusieurs
407 2101 584 2182 generations
602 2105 686 2158 arant
701 2096 829 2168 Cadmus,
880 2099 949 2158 dans
969 2095 997 2156 la
1010 2100 1112 2176 Gracc,
1129 2120 1238 2158 comme
1259 2109 1335 2158 etant
1348 2101 1382 2157 de
1397 2101 1451 2157 l'an

258 2205 296 2260 tes
318 2203 407 2260 Grers
427 2203 536 2259 avaient
557 2200 603 2256 des
617 2205 782 2266 caracteres,
803 2205 830 2253 et
883 2189 959 2255 1678
974 2200 1061 2248 avant
1073 2203 1152 2249 notre
1170 2192 1232 2248 bre!
1254 2211 1307 2268 que
1319 2193 1346 2249 le
1357 2193 1453 2250 meme

258 2297 315 2352 s'eu
331 2295 434 2353 etaient
448 2295 536 2352 seruis
546 2311 619 2367 pour
632 2309 771 2364 compasse
785 2291 832 2347 des
882 2283 1035 2340 Pausanias
1061 2284 1116 2340 cite
1142 2301 1242 2339 encore
1271 2303 1305 2339 en
1332 2283 1453 2340 d'autres

259 2391 604 2466 monumens,maisqu'une
617 2388 713 2463 de‘luge
728 2386 833 2443 detrusi·
882 2379 1003 2436 endroits
1026 2379 1074 2459 des
1094 2397 1259 2435 monumens
1280 2399 1314 2435 en
1340 2379 1452 2437 enciens

258 2485 296 2546 sit
309 2508 352 2544 ces
363 2487 496 2563 premiers
509 2483 595 2542 essais
608 2483 687 2540 d'une
709 2481 832 2539 ririlt'sa·
882 2483 1036 2530 caracteres
1054 2493 1088 2529 011
1100 2472 1194 2529 lettres
1208 2473 1344 2547 altiques!
1363 2475 1453 2548 (quasi

258 2586 318 2644 tion
339 2583 484 2660 indigeam
511 2580 616 2658 (Diod.
633 2580 674 2637 V.
701 2585 750 2642 57.
765 2581 831 2657 74),
882 2570 927 2624 hae
958 2570 1046 2624 literas
1082 2568 1318 2624 antecadmeianae
1345 2570 1452 2644 essent)

259 2700 312 2758 que
325 2690 395 2737 cette
409 2679 539 2735 tradition
556 2686 598 2731 est
612 2671 764 2730 confirmae
781 2691 832 2746 par
882 2661 976 2719 lettres
1001 2662 1161 2737 &galement
1186 2665 1377 2719 mentionn‘ees
1403 2680 1453 2736 par

258 2775 286 2831 le
299 2772 473 2843 temoignage
484 2764 650 2831 d’Hombre,
661 2770 758 2818 auteur
768 2760 831 2833 plus
883 2757 1077 2813 Demosthene
1095 2769 1123 2813 et
1137 2777 1186 2830 par
1206 2757 1338 2826 Diodore,
1359 2756 1453 2814 lettres

260 2862 358 2920 ancien
385 2867 413 2915 et
435 2856 645 2933 probablsment
671 2851 766 2908 rnieux
790 2850 832 2907 in·
882 2850 951 2906 dont
961 2850 1053 2907 s’etoit
1066 2850 1137 2906 servi
1148 2852 1263 2907 l’anrien
1282 2850 1368 2907 Linus
1384 2868 1454 2924 pour

260 2957 342 3015 struit
351 2970 449 3012 encore
463 2950 508 3027 qu'
518 2948 672 3016 Heredum,
685 2944 730 3021 qui
741 2945 832 3001 donne
881 2962 1025 3018 composer
1046 2962 1089 3001 ses
1108 2949 1253 3017 ouvrages!
1275 2955 1304 3001 et
1323 2944 1392 3000 dont
1414 2944 1453 3000 les

260 3070 316 3110 aux
351 3050 483 3123 Pelasgas
511 3064 547 3102 ou
572 3044 662 3100 Grecs
689 3040 830 3116 primitiis,
881 3039 984 3095 formes
1006 3039 1109 3096 etaient
1127 3040 1162 3094 de
1182 3037 1273 3095 l'aveu
1298 3039 1332 3094 de
1355 3038 1454 3094 Tacite

259 3144 414 3219 l’Epitbbte
434 3142 467 3197 de
494 3142 559 3197 Δῖοι
586 3134 681 3211 (Iliad,
700 3134 735 3189 B.
752 3139 832 3207 827),
882 3139 910 3185 et
935 3128 968 3184 de
997 3128 1076 3184 Pline
1104 3145 1218 3202 presque
1248 3126 1412 3184 semblables
1436 3128 1455 3185 a

261 3253 397 3311 parceque
420 3234 531 3290 suivant
550 3232 711 3303 (quemnam
726 3225 749 3282 si
769 3226 833 3282 Diis
882 3224 965 3281 celles
990 3225 1145 3300 qu’avoient
1165 3221 1199 3277 de
1222 3222 1280 3278 leur
1300 3238 1392 3298 temps
1412 3223 1453 3279 les

260 3332 369 3408 placet?
390 3328 620 3386 anHomerumi
638 3324 768 3379 minime!
793 3330 834 3396 at)
882 3319 977 3378 lettres
1001 3318 1121 3394 Latinas,
1147 3316 1356 3375 &c.&c.&c.'’
1397 3318 1453 3375 Hae

261 3428 415 3488 Eustatbel
448 3424 482 3481 ils
504 3422 624 3492 avolent,
658 3421 731 3478 sauls
752 3421 834 3494 aprbs
883 3431 923 3470 sc.
947 3412 1053 3467 eaedem
1071 3421 1135 3466 sunt
1157 3408 1244 3466 litera:
1266 3429 1328 3484 quae
1347 3411 1376 3465 in
1397 3410 1454 3485 ple-

263 3542 314 3579 une
337 3520 439 3597 grande
461 3516 631 3590 inundation,
654 3514 784 3571 conservb
805 3514 835 3571 la
883 3510 973 3584 risque
995 3506 1115 3581 antiquis
1139 3505 1361 3578 inscriptionibus
1378 3524 1453 3579 repe-

262 3616 457 3673 connaissance
469 3613 518 3668 des
529 3610 685 3667 caracteres
699 3609 732 3666 de
746 3609 834 3667 l'icri-
883 3603 1009 3670 riuntur;
1041 3618 1103 3674 quae
1128 3607 1222 3654 nmen
1248 3617 1303 3672 quo
1329 3608 1453 3672 tempora

261 3725 338 3781 ture;
361 3732 413 3788 que
432 3718 504 3767 cette
524 3707 653 3765 tradition
668 3708 748 3763 d'une
761 3705 832 3763 iscri-
881 3694 1001 3751 inventa
1025 3692 1089 3766 siat,
1125 3707 1175 3746 nec
1205 3689 1370 3747 Rachettius
1401 3708 1452 3746 nec

261 3819 321 3866 ture
343 3802 515 3881 particuliere
545 3820 601 3857 aux
633 3800 763 3875 Pelasgas
790 3809 833 3855 est
881 3787 1049 3863 aliusquivis
1057 3786 1146 3843 dicere
1157 3794 1256 3858 potest.
1279 3785 1452 3852 Quisautem

261 3920 359 3960 encore
382 3898 477 3955 mieux
498 3891 647 3951 confirmes
672 3910 722 3966 par
741 3890 834 3948 l'exis-
883 3885 934 3940 rrisi
950 3884 993 3939 his
1002 3882 1094 3937 verbis
1106 3878 1233 3952 perlectis
1246 3878 1327 3936 bodie
1340 3880 1452 3955 quidem

261 4008 339 4053 tenca
363 3989 564 4065 d'inscriptions
588 3989 730 4061 Gracqnes
758 3993 835 4041 ante·
884 3994 1051 4055 quemquam
1061 3994 1121 4031 asse
1130 3976 1289 4031 credidisset
1299 3976 1346 4049 qui
1354 3974 1453 4049 quibus

261 4091 423 4147 rieuresuu
442 4084 523 4143 siecle
541 4084 573 4138 dc
588 4080 728 4137 Codanus!
755 4078 834 4135 tellas
885 4073 969 4131 literis
991 4072 1077 4128 Linus
1088 4087 1154 4125 usus
1167 4069 1212 4139 sit,
1236 4087 1295 4124 sese
1309 4068 1379 4123 scire
1392 4087 1455 4141 pro·
1506 4088 1510 4093 ·

264 4204 316 4262 que
337 4183 405 4240 celle
427 4200 479 4257 que
501 4177 602 4253 portoit
622 4175 833 4252 probablement
883 4169 1015 4237 fiteretnr,
1040 4162 1138 4220 valde
1166 4162 1351 4219 monumentis
1376 4170 1454 4217 ants-

262 4284 289 4341 le
303 4281 433 4338 tombeau
450 4278 485 4333 de
506 4274 630 4331 Corebus
650 4290 667 4327 a
688 4271 832 4344 Magarsa,
884 4262 1063 4323 Cadmeianis
1085 4280 1104 4317 a
1122 4258 1225 4315 diluvio
1244 4259 1340 4315 deletis
1360 4258 1456 4333 loque·

263 4384 428 4436 monument
445 4390 498 4447 que
514 4366 667 4427 Pausanias
680 4368 727 4442 qui
740 4364 835 4423 l’avoit
884 4365 976 4420 retur?

262 4476 301 4545 lu,
324 4473 421 4533 eatinis
434 4468 459 4525 le
473 4466 535 4541 plus
555 4464 651 4523 ancien
670 4464 715 4539 qui
733 4463 835 4521 existat
924 4456 931 4485 ¹
954 4455 1077 4515 Salmas.
1090 4455 1124 4511 de
1138 4451 1248 4509 Hellen.
1271 4469 1300 4523 p.
1313 4452 1381 4506 338.
