3250 5350
608 481 956 534 rnocnonuaus.
1282 447 1406 528 xxxr'

187 653 210 730 (
230 656 295 728 per
319 649 349 712 <
374 633 503 706 imitati
517 645 611 706 sunt.
653 635 845 724 Quomodo
862 634 917 706 vel
932 656 1007 730 quo
1023 641 1186 726 tempore
1201 627 1370 702 ellectum

176 763 222 834 sit
254 764 356 858 apud
386 762 547 852 latinos,
580 765 621 834 u't
654 764 733 836 brec
768 763 883 846 litera,
909 763 944 836 ui
976 759 1123 857 propria
1155 757 1297 842 amissa,
1332 757 1369 828 in

173 889 294 962 locum
312 889 482 962 elementi
502 895 531 960 Κ
556 889 683 984 partim
703 887 849 982 (partim
868 886 1038 958 elementi
1058 881 1119 975 Sl)
1144 884 1367 970 succederet,

174 1021 326 1092 minime
364 1018 537 1117 intelligo.
590 1019 634 1090 ln
669 1017 799 1090 tabulis
840 1013 1069 1114 Eugubiania
1102 1024 1200 1085 certe
1232 1017 1262 1082 C
1292 1013 1366 1084 vina

174 1149 322 1222 Graecae
342 1157 372 1222 K
390 1151 511 1236 babet,
527 1159 565 1222 et
580 1148 718 1247 liquido
736 1147 784 1220 ibi
804 1157 904 1219 extat
916 1145 1021 1218 litera
1040 1151 1085 1216 G.
1122 1143 1230 1234 Quod
1247 1153 1367 1215 tameo

174 1279 211 1350 in
246 1278 375 1376 lingua
412 1277 543 1350 latina
573 1299 645 1350 non
681 1275 749 1348 nisi
789 1275 902 1348 multo
936 1285 1061 1370 postea
1091 1271 1260 1344 effectum
1297 1283 1365 1356 est,

172 1405 202 1478 si
222 1405 395 1478 Diomedi
410 1415 450 1478 et
465 1407 585 1478 adbuc
601 1405 838 1502 amplioribus
862 1403 1015 1476 testibus
1038 1401 1246 1476 adhibenda
1265 1400 1365 1473 fides.

171 1530 387 1604 Notandum
412 1540 468 1602 est
485 1528 718 1628 Knigbtium'
736 1530 886 1624 primam
908 1528 1059 1600 formam
1075 1529 1228 1626 hujusce
1248 1525 1364 1599 literas

171 1671 307 1732 rectam
336 1679 417 1730 essa
445 1657 576 1730 lineam
613 1667 621 1730 Ι
657 1671 793 1755 putare.
845 1658 902 1730 lta
926 1657 1087 1754 quidem,
1112 1666 1152 1728 ut
1183 1655 1240 1727 ille
1267 1679 1364 1742 uere,

170 1787 207 1858 in
227 1786 351 1860 tabula
375 1785 554 1858 Petiliana
570 1788 747 1859 scribitur.
800 1787 856 1858 Ex
872 1788 941 1859 bac
958 1788 1054 1860 linea
1071 1786 1266 1883 paullulum
1283 1811 1365 1860 cur·

170 1925 250 1988 sata
295 1913 426 1986 iactam
471 1938 554 1988 esse
594 1927 805 2012 sequentem
848 1915 999 1986 formam
1037 1915 1162 1986 statuit
1207 1915 1262 1986 vir
1298 1913 1362 1986 cel.

169 2050 308 2122 Eadem
339 2051 456 2122 forma
472 2049 509 2120 iu
540 2071 687 2122 nummo
714 2050 870 2146 quodam
900 2049 1150 2148 Agrigentino
1172 2049 1331 2121 occurrit
1341 2055 1364 2119 ².

245 2197 356 2270 Delta
371 2197 432 2270 via
449 2197 596 2268 dubium
614 2195 702 2294 quin
718 2196 890 2292 imprimis
906 2200 1032 2272 οοᾶειιι
1049 2199 1154 2272 modo
1170 2222 1244 2296 quo
1256 2198 1364 2270 bodie

168 2319 373 2394 efficeretur
399 2322 479 2411 (D).
520 2319 629 2392 Hanc
658 2319 809 2394 formum
835 2321 1036 2417 reperimus
1061 2323 1100 2395 in
1128 2323 1363 2397 marmoribus

170 2455 351 2528 hainao
378 2467 421 2528 et
454 2453 679 2552 Wrayiau03
716 2467 754 2528 et
785 2455 823 2526 in
865 2457 955 2528 Elea
984 2457 1107 2528 tabula
1137 2467 1248 2554 atque
1284 2459 1363 2530 aliia

166 2584 388 2680 pervetustis
430 2583 582 2656 formam
623 2583 708 2656 haic
745 2581 937 2680 gemellam
974 2605 1026 2654 ac.
1073 2597 1124 2669 Μ
1163 2587 1362 2658 mutatione

168 2713 301 2785 eodem
332 2713 436 2785 modo
467 2734 517 2785 sc.
548 2712 645 2785 lucta
671 2735 746 2806 quo
780 2714 801 2789 (
838 2711 877 2783 in
909 2725 942 2789 <
972 2713 1188 2786 mutabatur.
1240 2714 1362 2788 Latini

170 2840 240 2925 bic,
276 2848 317 2911 ut
345 2838 383 2909 in
411 2838 491 2911 aliis
519 2838 648 2923 literis,
683 2860 790 2935 quam
824 2836 974 2909 formam
1003 2838 1041 2910 in
1075 2838 1214 2911 Italiam
1245 2851 1361 2915 trana-

169 2966 340 3047 tulerant,
367 2988 450 3037 eam
478 2964 682 3049 retinuere;
719 2964 818 3035 unde
852 2986 919 3036 nos
949 2962 1151 3037 derivantes
1177 2963 1358 3043 literarum

166 3096 383 3169 (tremum
409 3094 543 3167 formas
567 3094 838 3190 antiquissimas
864 3095 1051 3168 babemus.

243 3238 382 3311 Literae
417 3247 432 3311 1
467 3240 503 3311 in
542 3240 797 3312 vetustioribus
838 3241 1133 3337 inscriptionibus
1166 3244 1360 3338 aliquando

168 3362 284 3435 torma
305 3362 458 3434 omniuo
483 3386 506 3434 a
529 3362 711 3434 communi
740 3364 883 3436 diversa
906 3364 1096 3461 reperitur,
1121 3393 1169 3439 sc.
1203 3374 1224 3447 ξ
1248 3370 1305 3443 vel
1323 3376 1358 3449 5.

169 3485 264 3559 Hauc
278 3486 319 3557 in
335 3486 459 3557 tabula
488 3484 670 3558 Petiliana
696 3486 825 3579 (Clusa.
844 3514 888 3561 ιι.
916 3488 1030 3561 Inscr.
1047 3497 1165 3581 mm),
1191 3506 1228 3565 et
1256 3494 1361 3591 galea

165 3616 322 3711 quadam
345 3614 555 3711 Olympiaca
580 3612 714 3706 (Clusa.
737 3640 779 3688 ιι.
813 3616 926 3688 Inscr.
948 3620 1022 3709 ιιι.)
1045 3619 1276 3715 conspicitur,
1301 3623 1361 3697 illa

166 3744 308 3819 invase
327 3744 581 3817 Dodwelliano
599 3743 728 3841 (Clara.
748 3769 789 3819 ιι.
816 3747 930 3818 lnacr.
947 3746 1050 3837 vus.)
1094 3744 1198 3820 Prior
1213 3774 1359 3848 quoque

165 3874 282 3947 forma
311 3874 351 3945 iu
380 3873 536 3946 nummis
574 3870 854 3961 Poseidoniacis,
877 3874 1035 3961 Sisiacis,
1062 3886 1100 3947 et
1129 3876 1358 3953 Caulonlacia

163 4003 324 4075 occurrit
335 4000 359 4075 ³.
532 3978 536 3987 ¹

239 4146 352 4235 Quod
380 4144 598 4219 elementum
627 4145 789 4219 lambda
809 4146 950 4236 attinet,
977 4151 1093 4226 forma
1119 4154 1358 4232 vetustissima

207 4384 218 4415 ¹
241 4386 359 4461 Knight.
373 4388 408 4445 de
421 4388 510 4462 Alph.
520 4392 614 4448 Graec.
624 4408 651 4463 p.
663 4396 691 4447 4.
830 4390 842 4422 ⁸
862 4392 1000 4459 Mionnet.
1012 4392 1084 4458 Tab.
1100 4412 1216 4461 xnxll.
1239 4396 1294 4457 No.
1313 4400 1357 4462 19.

210 4482 222 4511 ²
242 4482 609 4543 Mionnstab.xxx111.
626 4482 681 4542 No.
693 4489 740 4550 79.
793 4490 840 4547 21.
856 4492 904 4553 25.
919 4491 966 4542 44.
