3250 5350
179 450 316 519 insons·
329 448 438 531 v111.]
750 458 818 537 195

253 619 379 695 Partes
408 620 714 719 quadrupedales.
729 677 737 695 .
753 623 880 723 ..ejus
914 624 978 722 qui
996 624 1107 725 juxta
1134 624 1359 698 simulacrum

174 754 239 819 eet.

250 876 375 952 Partes
395 828 701 977 ouadrupedales.
715 936 724 955 .
739 935 747 953 .
760 934 769 953 .
783 881 821 954 in
840 880 1006 957 Porticu¹
1025 884 1207 982 thymus*
1226 904 1362 957 versus.

247 1010 358 1085 Aram
375 1010 518 1111 Thyoei
535 1010 547 1047 ³
565 1036 639 1087 nou
656 1036 723 1087 suo
739 1013 818 1087 loco
834 1014 999 1111 positam.

249 1136 403 1213 Solarii⁴
431 1138 617 1241 (Anglice,
639 1140 833 1241 flat-roff)
860 1142 1103 1217 securiculas⁶

172 1330 211 1408 si)
241 1348 280 1388 ex
313 1330 491 1407 inscriptione
527 1342 742 1413 antepagmenta
830 1334 1004 1417 *ἐποροφῖα
1048 1324 1115 1397 tecti
1158 1345 1202 1396 est
1243 1344 1359 1394 externe

172 1446 230 1485 non
257 1426 346 1485 lsters
359 1428 442 1485 'olim
476 1428 540 1488 ostii
576 1430 624 1488 sed
656 1429 741 1489 etiam
791 1434 962 1510 superficies.
1000 1436 1141 1497 Μανία
1167 1438 1250 1496 vertit
1286 1419 1356 1495 Wil-

171 1524 259 1583 limen
273 1524 397 1601 superius
414 1526 542 1585 vestiisse
564 1527 654 1587 docet.
695 1526 741 1585 Cr'.
791 1530 898 1589 kinsius
920 1532 969 1588 scd
995 1532 1024 1589 iu
1050 1539 1117 1589 nota
1143 1532 1180 1590 ad
1204 1530 1355 1609 Anglicam

172 1624 291 1683 eundem
325 1624 361 1681 ad
392 1624 521 1699 Xenoph.
556 1624 647 1685 Mem.
676 1626 743 1700 Epi·
789 1623 956 1696 versionem,
975 1624 1148 1685 levissimam
1167 1628 1196 1685 in
1212 1626 1355 1708 ἐποροφίςι
1380 1660 1388 1668 -

172 1726 254 1778 metr.
295 1740 325 1796 p.
362 1716 431 1779 286.
484 1720 670 1802 “liopoera'e
699 1731 741 1780 set
789 1714 1157 1777 inclinationemsssenotat
1168 1719 1209 1777 ita
1220 1728 1251 1776 ut
1260 1716 1356 1793 pluvia

173 1814 266 1891 paries
306 1813 377 1873 ostio
423 1814 549 1892 utrinque
594 1816 740 1891 adjunctus
789 1811 819 1869 in
832 1814 943 1873 canulas
959 1816 1079 1875 defluere
1099 1815 1194 1893 possit
1235 1814 1357 1892 “Hujus

170 1929 268 1969 versus
294 1908 429 1969 orientem
452 1918 529 1986 puto,
547 1912 626 1988 cujus
651 1911 741 1989 longi-
789 1908 910 1981 porticus
924 1919 1028 1969 ωοῑιιω
1046 1920 1193 1989 equatuor
1211 1909 1360 1968 marmori·

170 2004 296 2063 tudinem
320 2012 451 2080 computo
474 2005 510 2063 ad
532 2025 560 2081 p.
580 2012 629 2065 30.
646 2013 677 2065 0.
694 2005 742 2071 7.”
789 2004 841 2063 bus
875 2006 1001 2078 efficitur,
1041 2008 1077 2063 ab
1112 2004 1228 2067 australi
1260 2004 1358 2081 templi
1412 2018 1418 2032 ‘

172 2098 289 2159 Miiller.
550 2118 556 2135 ·
789 2100 895 2175 pariete
926 2121 1013 2181 usque
1038 2102 1074 2160 ad
1103 2102 1234 2181 epistylia
1268 2102 1357 2161 simu-

214 2200 272 2257 ’ἐν
292 2199 333 2279 τῇ
353 2194 526 2276 sipontina.
569 2194 644 2255 “Cf.
667 2195 738 2254 st.
788 2196 872 2256 lacris
885 2198 1040 2259 insistentia
1060 2200 1204 2276 porrectis.
1244 2198 1357 2257 Horum

172 2297 354 2353 xx111.4.c.
372 2292 443 2349 Puto
456 2293 739 2368 antepagmentaepi-
787 2295 848 2352 ima
874 2295 959 2355 facies
991 2298 1107 2357 lacunar
1132 2299 1161 2356 in
1189 2316 1269 2356 arcas
1299 2297 1357 2357 alte

168 2390 313 2448 cranitidis
332 2408 393 2449 esse
414 2390 514 2447 denua
526 2386 652 2465 laevaque
665 2388 737 2447 ostii.
787 2394 891 2453 incisas
911 2397 1033 2454 divisum
1056 2398 1149 2469 efficit,
1170 2405 1199 2454 et
1218 2395 1246 2453 in
1268 2397 1358 2455 fronte

168 2490 244 2561 Quae
266 2507 331 2545 cum
354 2486 523 2567 longitudine
542 2486 578 2544 sit
595 2506 624 2561 p.
644 2492 693 2545 20.
710 2492 738 2553 7.
788 2490 936 2564 superioris
973 2490 1068 2549 lateris
1102 2510 1204 2549 corona
1235 2491 1357 2565 porticus

165 2588 245 2646 vides
277 2606 324 2645 ma
349 2594 422 2645 recte
453 2570 594 2661 supplesse
624 2585 739 2641 πεντε.”
785 2584 969 2645 elaboratur!
1009 2586 1137 2645 Wilkins.

163 2682 283 2746 Miiller.

202 2781 359 2864 ’θόρωμω
400 2779 465 2838 Hae
492 2797 560 2838 voce
582 2779 731 2854 significari
823 2773 1028 2856 ’ΣφηκίσιωιΙ
1066 2778 1225 2856 “lmpages
1248 2789 1356 2840 sunte

161 2877 316 2938 Pandrosei
337 2879 457 2955 januam
479 2874 560 2934 illam
584 2877 730 2953 superbam
781 2878 898 2936 metallo
913 2877 1004 2950 lacte,
1014 2877 1119 2936 duobus
1133 2877 1255 2936 cuneolis
1266 2879 1307 2947 ad,
1315 2879 1357 2938 al·

159 2994 225 3054 quae
263 2974 346 3033 hodie
379 2982 458 3032 extat
490 2972 572 3030 docet
611 2973 731 3031 Lealrius
780 2985 870 3033 terum
885 2975 969 3032 finem
976 2973 1082 3051 junctis
1101 2969 1215 3033 similes.
1248 2972 1355 3054 γόμφοι

156 3076 283 3150 (Topog.
313 3078 375 3133 Att.
407 3092 435 3148 p.
463 3066 548 3148 264.)
575 3072 646 3129 unde
677 3073 731 3140 τήν
780 3072 896 3129 eandem
912 3091 972 3128 rem
986 3069 1156 3148 significant.
1179 3071 1352 3130 securiculas
1414 3143 1421 3158 Ι

157 3166 325 3250 πρόστασιν
338 3169 391 3239 τήν
408 3167 479 3247 aipein
493 3169 546 3224 τοῦ
566 3168 730 3249 θνρᾶματος
780 3165 905 3242 appellat
926 3167 1072 3225 Vitruvius
1095 3165 1164 3243 (IV.
1183 3167 1244 3241 7.)''
1284 3167 1353 3226 Wil-

158 3263 314 3322 Erechthei
354 3259 605 3338 septentrionalem
646 3262 731 3338 porti-
778 3261 851 3318 kins.
909 3261 942 3318 ln
981 3279 1014 3318 eo
1060 3261 1121 3318 loco
1168 3261 1351 3320 Schneiderus

157 3380 225 3419 cum
239 3379 300 3419 esse
314 3369 403 3435 putat,
425 3375 487 3438 quae
503 3358 589 3416 etiarn
604 3363 624 3428 η·
642 3355 728 3430 cario,
778 3356 854 3414 dedit
864 3356 1017 3429 moeridis,
1041 3377 1074 3414 ne
1094 3352 1217 3414 indicata
1237 3358 1350 3434 quidem

156 3478 224 3516 cum
234 3457 344 3516 caeteris
359 3458 506 3533 porticibus
514 3456 634 3532 amplior
646 3465 728 3524 esset,
778 3449 903 3508 lectionis
912 3449 1055 3508 varietate.
1076 3447 1271 3528 “Σφῆκισκοσ.
1293 3451 1351 3509 Cu·

158 3554 311 3613 dicebatur.
723 3579 726 3582 -
778 3546 882 3605 ricolus.
924 3545 1043 3618 Lignum
1062 3565 1098 3602 ex
1114 3547 1249 3623 quadrato
1263 3566 1349 3626 eoque

199 3651 352 3730 ’θνηχοῶ
394 3647 480 3719 Cum,
508 3656 538 3704 ut
567 3665 632 3705 vere
659 3643 728 3702 Wil-
777 3657 872 3697 crasso
897 3647 927 3695 et
953 3637 1010 3696 lato
1030 3641 1168 3710 desinens,
1195 3640 1292 3700 itidem
1318 3645 1349 3702 iu

153 3745 275 3818 kinsius,
296 3746 333 3802 ad
360 3746 446 3802 finem
473 3743 657 3818 inscriptionis
679 3761 726 3800 oc-
778 3737 942 3814 quadratum
965 3720 1013 3794 scil
1034 3746 1115 3796 tenue
1128 3750 1156 3796 et
1175 3739 1350 3814 angustum.''

154 3851 272 3902 currant
298 3842 384 3900 verba
416 3843 459 3920 τᾷ
483 3839 572 3921 βωμφ
605 3840 645 3920 τῷ
675 3839 728 3896 τοῦ
779 3835 876 3910 Steph.
900 3833 947 3892 Cf.
963 3832 1108 3912 Aristoph.
1122 3835 1196 3896 Plut.
1210 3823 1281 3896 501.
1302 3837 1348 3894 ubi

154 3941 277 4023 θυηχοῦ,
300 3939 376 3997 haud
413 3937 527 3996 dubium
565 3938 630 4014 quin
666 3937 728 3994 duae
778 3939 934 3996 Brunclcius
962 3938 1082 3998 advocat
1112 3937 1291 3998 Eustathium
1316 3957 1345 4012 p.

153 4035 244 4093 literae
271 4035 324 4092 hoc
349 4035 378 4092 in
405 4033 466 4090 loco
491 4034 646 4092 deficientes
675 4033 728 4090 θΥ
780 4044 849 4105 897.
871 4037 891 4097 l.
903 4043 950 4103 57.
971 4036 1031 4095 α’πδ
1048 4037 1107 4094 τῶν
1121 4035 1349 4113 oppetis-opp:

153 4139 257 4193 esseni.
292 4131 462 4209 Hesychius.
497 4129 627 4202 θνηκόοι.
641 4136 729 4215 lapsis·
779 4123 1346 4212 κίσκοι-ξῦλαμικρᾶεἶιὅξῦσννηγμὲνα.

152 4224 730 4309 υἱιίΑΙὺειιίιιειίιειῑΡὶιοιίιιιι.6υηχόοι·
779 4233 993 4308 «(Σφηκίσκουσ.
1013 4223 1177 4285 Denticulos
1186 4222 1346 4300 igiturcum

151 4329 182 4384 οι·
200 4328 281 4405 tapete
301 4328 327 4382 ol
346 4325 417 4406 ὕπέρ
435 4321 731 4383 continentiorem
780 4325 865 4382 taenia
877 4322 948 4380 unde
961 4320 1078 4396 pendent
1090 4317 1206 4377 seorsim
1216 4337 1286 4379 saxo
1294 4340 1346 4380 ex-

151 4425 218 4478 vote
237 4420 328 4478 θεοῖς.
370 4418 506 4479 Nonnulli
528 4419 616 4476 MSS.
633 4418 662 4474 in
683 4415 731 4474 illo
781 4418 852 4476 cisoa
884 4416 1035 4491 affixosque
1060 4413 1157 4471 deinde
1183 4434 1244 4474 esse
1274 4418 1347 4474 veri·

149 4517 219 4576 loco
241 4515 347 4579 habent
368 4517 479 4589 θυηκόοι
500 4525 531 4578 ut
551 4515 625 4591 apud
638 4515 731 4592 Hesy·
781 4512 882 4572 simile.
922 4509 968 4570 Cf.
986 4510 1045 4570 tab.
1060 4530 1168 4573 xxrrr.
1185 4521 1210 4574 1.
1224 4519 1252 4581 9.
1274 4516 1303 4572 2.
1315 4512 1345 4575 Ιι.

151 4609 263 4671 chium.
783 4614 813 4669 4.
826 4609 872 4667 n.¹'
909 4602 1028 4665 Miiller.
