3250 5350
850 482 919 571 176
1248 489 1392 569 [Casas.
1417 486 1477 553 Ill.

295 662 452 739 verbis¹r
492 662 583 737 dom
616 662 750 761 olmeto
789 662 831 735 irc
872 660 1045 735 lacunari
1079 657 1282 755 ῳηιαῑίιιηι
1315 658 1480 732 baldat

294 792 346 865 ad
368 794 535 865 normam
561 791 775 889 triquetram
801 790 962 883 erigat?
1320 800 1327 813 ·

369 925 395 959 “
409 893 573 993 Lumina
584 922 842 1021 fenestrarum
872 920 910 990 in
940 916 1078 1012 pariete
1108 914 1308 988 Pandrosei
1334 925 1413 987 tum
1441 914 1480 985 ob

294 1049 489 1145 simplicem
518 1058 882 1149 antepagmentorum
913 1045 1131 1143 elegantiam
1159 1055 1237 1117 tum
1262 1045 1310 1116 ob
1337 1044 1480 1115 formem

294 1176 551 1273 pyramidalem
578 1200 675 1272 saepe
702 1185 961 1260 memorantur,
987 1197 1070 1271 quae
1091 1182 1332 1246 contracturae
1355 1173 1482 1245 colum·

295 1328 422 1377 narum
448 1307 545 1377 haud
572 1304 810 1377 disconvenit.
854 1306 926 1376 Sed
951 1325 1068 1397 nuper
1091 1302 1226 1375 ostium
1246 1299 1370 1395 mujue
1394 1300 1483 1373 Pan-

295 1432 426 1518 drosei,
452 1434 551 1529 quod
578 1431 716 1504 Turcae
745 1432 866 1503 adhuc
896 1432 1057 1508 ebusum
1086 1423 1326 1517 servaverant,
1356 1428 1485 1525 Elgino

295 1560 417 1633 comiti
450 1573 617 1655 apertum
652 1562 777 1656 potuit,
804 1573 842 1632 et
872 1584 1012 1632 summa
1041 1558 1217 1633 artificum
1252 1558 1486 1631 admiratione

294 1698 330 1760 et
359 1688 477 1760 studio
511 1698 713 1783 spectatum
743 1699 780 1761 et
811 1690 1050 1761 deformatum
1079 1690 1165 1760 est⁹.
1234 1687 1384 1759 Utinam
1413 1692 1486 1789 jam

294 1814 431 1909 pictum
457 1814 720 1889 exhibuissent.
763 1814 879 1914 Cujus
906 1840 951 1887 eo
975 1814 1109 1913 majore
1132 1839 1281 1888 moveor
1300 1816 1488 1903 desiderio,

295 1967 369 2039 quo
403 1942 641 2039 insigniorem
676 1945 986 2039 exspectationem
1016 1944 1122 2015 affert
1144 1944 1333 2039 inscriptio
1358 1957 1488 2017 nostra,

295 2068 480 2163 Memorat
510 2072 606 2142 enim
629 2069 700 2145 ὦτα
735 2074 759 2143 i.
785 2097 816 2143 e.
846 2096 1006 2143 ancones
1039 2098 1069 2143 s.
1100 2072 1291 2165 parotidas,
1326 2095 1415 2167 quae
1447 2074 1488 2143 ab
1587 2141 1588 2152 ,

294 2187 515 2292 hyperthyro
550 2197 732 2294 utrimque
763 2223 945 2295 suspensae
979 2199 1158 2271 videntur.
1211 2198 1490 2307 Simplicissime

295 2348 348 2395 eae
377 2333 521 2396 exstant
550 2324 588 2398 in
617 2329 791 2423 sepulcris
819 2330 1003 2415 Telmissi,
1030 2332 1094 2401 sed
1126 2330 1249 2403 nullibi
1273 2329 1491 2415 ornatiores,

295 2477 403 2549 quam
451 2452 488 2541 in
540 2458 782 2530 monumentis
834 2458 1061 2554 Palmyrenis
1075 2458 1098 2529 ³.
1167 2459 1297 2531 Forma
1344 2481 1492 2555 semper

293 2587 432 2659 eadem.
499 2584 565 2658 Est
594 2590 732 2684 duplex.
765 2590 899 2675 voluta,
923 2588 1036 2659 altera
1071 2590 1185 2689 major
1218 2590 1332 2661 altera
1360 2590 1487 2676 minor,

293 2713 366 2784 leni
391 2713 484 2785 flexu
512 2715 728 2810 conjunctae.
782 2715 937 2787 Eosdem
961 2740 1135 2803 ancones,
1158 2742 1232 2789 non
1263 2719 1309 2788 ad
1336 2742 1486 2814 perpen·
1556 2732 1560 2740 '

293 2839 451 2911 diculum
480 2841 543 2912 sed
569 2843 615 2912 ad
640 2842 796 2916 libellam
825 2846 992 2933 directos,
1021 2847 1202 2918 Corinthii
1230 2847 1379 2945 generis
1405 2871 1485 2920 auc·
1588 2912 1589 2923 ,

292 2975 389 3036 tores
411 2967 687 3061 adoptaverunt,
715 2995 806 3066 quos
832 2995 977 3044 coronae
1004 2973 1266 3071 subjicerent.”

370 3093 687 3194 “Hyperthffium
721 3099 756 3169 in
796 3101 923 3171 eodem
959 3125 1136 3174 marmore
1173 3102 1328 3201 legimus
1361 3104 1483 3202 lapillis

294 3228 408 3326 nigris
425 3231 599 3326 impositis
617 3255 698 3304 esse
716 3233 936 3307 decoratum.
973 3235 1079 3325 Quod
1094 3237 1252 3331 pertinet
1268 3241 1315 3310 ad
1330 3239 1479 3336 priscum

293 3361 502 3460 variegandi
525 3364 694 3452 studium,
720 3365 758 3438 in
784 3393 857 3464 quo
880 3369 1079 3465 sculptores
1102 3371 1199 3441 haud
1223 3369 1337 3447 luisse
1363 3374 1478 3471 magis,

291 3513 398 3585 qsram
425 3493 654 3583 architectos,
680 3509 819 3569 constat
844 3499 938 3571 inter
962 3501 1121 3571 omnes.'’

368 3621 518 3696 Miilleri
554 3625 831 3722 disputationem
863 3625 1024 3722 quamvis
1060 3629 1261 3727 longiorem
1297 3631 1475 3729 exscripsi,

288 3775 373 3824 oum
404 3755 483 3851 ejus
499 3754 629 3826 librum
661 3755 698 3826 in
728 3756 917 3829 Britannia
933 3757 989 3829 vel
1015 3759 1087 3831 duo
1104 3759 1161 3830 vel
1184 3783 1293 3832 nemo
1312 3764 1477 3846 noverint,

291 3884 453 3980 quamvis
478 3907 523 3955 ea
549 3884 710 3955 doctrina
736 3885 899 3959 abundet
924 3911 1004 3983 quoe
1026 3889 1227 3962 maximam.
1244 3893 1406 3965 auctoris
1426 3913 1477 3964 ex·

290 4015 530 4110 pectationem
557 3995 794 4088 commovent.

330 4219 339 4250 ¹
361 4223 575 4292 θαλαμοποιοῖς
598 4240 643 4296 ap.
662 4220 770 4282 Polluc.
791 4225 861 4280 Vll.
912 4243 941 4299 p.
953 4231 1003 4283 25.

291 4311 341 4372 27.
357 4319 425 4370 122.
446 4313 493 4372 ubi
506 4314 680 4372 scribendum
694 4316 802 4372 videtur
925 4327 929 4334 '
952 4318 1093 4390 'Ancora
1122 4327 1153 4378 ut
1175 4329 1242 4394 puto
1265 4323 1396 4398 apposite
1417 4317 1485 4374 Vit-

292 4396 408 4458 -a’ltltcl
415 4402 463 4472 μέν
474 4429 515 4463 rer
526 4405 656 4479 Λέσβιον
668 4409 862 4484 perusinam
912 4411 984 4468 torta
1010 4412 1136 4489 insignis,
1166 4412 1196 4469 in
1223 4415 1335 4488 regione
1361 4410 1484 4472 ΡΜ

292 4491 861 4585 ΚῧμΊντριγόνοιεέκπφαινᾶτηρνθμοΐς.
912 4514 1047 4581 repertus,
1074 4509 1223 4567 exhibetur
1256 4529 1275 4568 e
1309 4513 1344 4570 T.
1377 4506 1485 4566 Combe

332 4581 578 4654 'Memorendum
624 4599 657 4656 de
706 4599 860 4674 Elginianis
913 4603 1020 4666 British
1042 4604 1175 4663 Museum
1190 4607 1214 4665 l.
1236 4625 1264 4686 p.
1281 4607 1350 4669 XV.
