3250 5350
145 520 264 588 insen.
291 519 411 600 xlxi]
711 527 760 602 99
898 563 903 572 -

428 801 578 883 Cusas.
608 797 672 882 11.-
703 797 879 882 ·Iuscn.
905 797 1033 882 xlx..
1084 746 1088 753 .

343 1037 730 1118 INSCRIPTIO
783 1036 1117 1113 Dunpfflcn.

550 1245 641 1324 run.
665 1265 749 1323 xur.
793 1265 864 1323 no.
889 1265 913 1322 1.
1008 1358 1015 1370 ι

675 1469 806 1525 ς,-

448 1665 607 1732 Dodwoli.
627 1664 699 1730 ltin.
718 1663 816 1730 Tom.
837 1663 885 1731 ΙΙ.
910 1679 943 1749 p.
959 1671 1035 1728 500⁶

214 1838 433 1944 insomnio
454 1868 501 1942 ab
523 1869 628 1942 initio
647 1893 773 1944 manca
795 1881 861 1958 est,
888 1870 925 1940 in
949 1867 1027 1941 basi
1045 1877 1173 1941 statuae
1190 1865 1333 1939 victoris

32 2043 34 2088 r
148 2001 328 2101 cujusdam
368 1999 405 2070 in
444 1997 608 2097 Pythicis
643 1999 899 2074 certaminibus
939 2009 979 2071 ut
1014 1999 1156 2072 videtur
1188 1995 1333 2092 scripta.

149 2118 258 2204 Deest
295 2155 386 2230 ergo
424 2147 556 2204 nomen
602 2131 757 2205 victoris.
826 2130 973 2203 Amicus
1009 2152 1110 2204 meua
1148 2129 1334 2226 Augustus

150 2263 269 2338 Biickh
296 2264 346 2336 ita
372 2262 522 2359 primam
550 2261 682 2336 lineam
707 2261 798 2361 legit

416 2461 426 2482 .
442 2405 606 2487 ..ιοδαλος
635 2417 751 2484 [loisa-
767 2463 776 2484 .
792 2462 802 2482 .
816 2413 987 2507 .(nempe
1003 2408 1080 2501 isos)

150 2557 242 2652 quod
278 2579 400 2630 verum
436 2579 516 2628 esse
550 2568 677 2652 potest.
745 2555 839 2648 Quae
867 2566 1069 2654 sequuntur
1100 2554 1222 2629 omnia
1250 2529 1355 2630 satis·

152 2692 272 2779 patent
453 2770 458 2777 Ι
962 2673 967 2683 ’

447 2792 603 2863 Boccor-coc
629 2782 697 2883 ἔχσ
722 2782 790 2879 (εξ)
816 2784 1051 2883 Ἐρχομ(ενου)

447 2908 680 3009 'Ynawiopoc
728 2913 1051 3011 Ἀρισστογ(σιτων)

446 3036 671 3129 Ἐποιησατην
735 3046 883 3135 Θηβωω.

224 3156 390 3250 Plinius¹
421 3176 695 3280 Hypatodorum
725 3180 941 3275 sculpturam
969 3178 1101 3266 laudat,
1129 3189 1167 3251 et
1195 3180 1339 3279 Olymp.

152 3310 218 3376 tn.
241 3302 374 3377 vixisse
409 3306 527 3377 tradit.
592 3305 732 3377 laudat
763 3327 909 3401 quoque
939 3302 1137 3378 Pausanias
1147 3304 1171 3392 ⁸,
1198 3317 1235 3379 et
1267 3308 1340 3380 alio

151 3431 256 3507 loco³
283 3434 515 3533 Hypautodori
540 3436 675 3509 socium
704 3435 988 3534 Aristogitonem
1016 3447 1199 3511 memorat.
1249 3436 1341 3510 Haec

152 3562 339 3661 inscriptio
370 3589 460 3665 argo
489 3567 584 3637 inter
614 3589 675 3637 cas
703 3543 929 3638 numeranda
956 3590 1039 3663 quas
1066 3565 1186 3663 paullo
1216 3568 1340 3640 seriori

152 3714 229 3765 aevo
258 3692 404 3789 scriptae
430 3704 643 3767 vetustatem
678 3692 874 3795 affectunt„
913 3692 1021 3785 Quod
1055 3717 1127 3765 non
1156 3693 1269 3765 solum
1303 3694 1340 3765 in

151 3821 275 3896 formis
292 3822 487 3910 literarum,
514 3824 587 3911 sed,
609 3834 650 3896 ut
673 3847 758 3898 rere
778 3824 974 3913 Biickhius,
1000 3827 1037 3899 in
1054 3825 1133 3923 ipsa
1149 3825 1340 3899 verborum

151 3963 330 4028 structura
353 3956 563 4027 notandum.
614 3954 684 4027 Hic
708 3964 829 4028 tamen
855 3958 1065 4053 ponendum
1091 3956 1211 4054 putavi
1229 3980 1340 4052 quum

151 4081 265 4157 literae
292 4085 540 4159 vetustissimas
568 4084 639 4158 sint
667 4097 702 4158 at
731 4098 818 4159 aetas
849 4088 944 4159 haud
971 4088 1089 4161 dubia.

231 4216 353 4290 litera
376 4249 399 4291 σ
419 4217 673 4313 reduplicatur,
699 4219 797 4314 quod
823 4217 1019 4316 aliquando
1041 4218 1079 4290 in
1107 4216 1342 4291 marmoribus

152 4349 303 4421 vetustis
324 4349 456 4423 notavi.
508 4354 703 4426 Τελὲσστας
724 4346 912 4446 iegitur'in
930 4372 1107 4421 marmore
1125 4348 1340 4448 Wrayiano.

194 4544 202 4575 ¹
229 4544 294 4603 Nat.
310 4546 385 4604 Hist.
408 4563 533 4605 xxxiv.
553 4554 596 4615 19.
815 4550 827 4580 ³
846 4549 929 4608 Paos.
945 4549 983 4608 X.
1000 4556 1046 4626 10,
1060 4556 1086 4610 9.

194 4637 207 4670 ²
233 4640 313 4703 Paus.
330 4640 469 4701 v111.26.
485 4650 513 4700 t.
