3250 5350
586 479 935 528 rnoaaoonana.
1309 452 1357 524 xli

153 642 278 736 lingua
303 635 439 712 iudicio
463 645 529 724 est,
554 659 636 710 narn
660 637 690 707 ai
716 659 760 706 ee
788 635 891 707 litera
919 641 1027 717 euot,
1054 631 1179 728 lingna
1197 631 1352 725 palatuar

151 769 361 862 tangeret?
426 761 528 860 Engo
560 761 597 833 in
636 761 705 832 illis
740 759 893 834 uocibus
931 759 1056 855 lingue
1088 757 1245 852 palatum
1280 779 1352 826 non

150 885 282 990 tiitigit.
345 891 431 963 Jarn
478 901 599 964 autern
640 889 812 984 anget-s,
849 885 1025 972 moltero,
1061 887 1194 959 Graeca
1242 885 1351 958 verba

149 1037 235 1098 sunt
271 1025 413 1097 Latinis
445 1023 556 1094 literis
590 1043 770 1119 expressa.
821 1021 914 1112 Quis
947 1021 1059 1117 igitur
1086 1018 1228 1091 dubitat
1260 1019 1350 1114 quin

150 1163 280 1232 eodeni
334 1160 438 1232 inodo
486 1159 563 1230 haec
613 1160 725 1230 verba
775 1159 812 1229 in
868 1169 1022 1254 utraque
1068 1156 1193 1252 lingua
1246 1155 1353 1226 effer·

151 1285 302 1359 rentur?
344 1285 453 1373 Quod
485 1287 513 1356 si
547 1310 675 1359 aarum
711 1287 768 1372 eit,
813 1311 922 1360 sonus
957 1289 1016 1358 liic
1046 1284 1202 1358 Nosalia
1240 1287 1354 1359 literae

153 1401 284 1488 l'ante
302 1423 330 1486 Γ
346 1414 403 1486 vel
423 1421 452 1484 K
471 1415 599 1508 posito
618 1414 833 1487 tribuendus
848 1424 914 1487 est.
952 1416 1078 1488 Graeci
1096 1439 1196 1514 ergo,
1219 1438 1300 1487 curn
1321 1421 1354 1484 N

151 1559 238 1618 ante
270 1553 297 1614 Γ
328 1543 384 1614 vel
420 1549 450 1614 Κ
480 1543 536 1615 vel
564 1551 598 1616 X
630 1553 750 1628 staret,
783 1543 892 1640 eique
921 1568 1050 1616 sonum
1085 1541 1256 1616 Nosalenr
1290 1547 1354 1617 tri·

153 1675 268 1744 liuere
292 1672 436 1757 uellent,
463 1673 499 1742 in
525 1679 550 1743 Γ
582 1671 774 1743 scribendo
800 1673 986 1744 mutabant
998 1669 1022 1742 ¹.
1075 1669 1233 1744 Primum
1261 1672 1354 1742 bello

155 1803 470 1900 Peloponnesiaco
509 1814 572 1875 aut
605 1802 727 1896 paullo
767 1813 854 1874 ante
887 1803 957 1872 lroc
999 1801 1180 1874 factitasse
1217 1802 1354 1874 Atticos

197 2050 205 2080 ¹
229 2047 289 2116 Qui
303 2063 414 2102 mecum
429 2045 504 2100 haud
521 2045 669 2112 consentit,
694 2043 734 2100 ‹li-
783 2053 872 2100 torem
887 2045 1022 2102 habemus
1038 2044 1207 2120 Dionysium
1227 2043 1355 2101 llalicar·

156 2159 239 2196 versa
256 2139 372 2194 omnino
394 2137 511 2210 reperiet
530 2139 603 2210 apud
628 2137 732 2212 Scalig.
783 2158 952 2197 nassensenr.
1000 2140 1028 2196 ls
1054 2141 1128 2198 enirn
1155 2141 1289 2216 (Dionys.
1316 2139 1351 2195 de

157 2236 192 2290 ad
205 2235 311 2290 Euseb.
322 2253 351 2307 p.
366 2239 431 2290 118.
447 2231 627 2304 ll.Stephan.
638 2233 734 2289 Nouv.
784 2229 888 2290 Struct.
907 2231 989 2294 Orat.
1009 2251 1035 2288 c.
1051 2251 1143 2291 xxii.
1166 2253 1195 2306 p.
1221 2239 1287 2291 12⁸.
1307 2231 1351 2290 ed.

157 2329 252 2386 Meth.
266 2347 335 2402 pour
349 2327 379 2384 la
392 2325 493 2402 langue
512 2328 610 2386 Latine
623 2347 649 2400 p.
666 2331 734 2392 718.
787 2323 905 2395 Uptoo.)
930 2326 965 2381 da
996 2325 1110 2382 Pindari
1136 2345 1217 2382 versu
1242 2323 1292 2381 ι’πὶ
1319 2347 1353 2380 σε

155 2427 200 2483 ed.
221 2422 311 2488 1667.
358 2424 400 2478 lta
419 2424 452 2479 de
475 2423 528 2478 hac
548 2441 577 2478 re
596 2422 737 2478 llerman-
785 2417 892 2472 κλιτᾶν
911 2415 1041 2487 πέμπετε
1059 2415 1147 2496 χάριν
1169 2418 1228 2472 haec
1249 2417 1354 2484 scribit,

155 2537 209 2573 nus
231 2519 268 2572 de
294 2515 334 2572 R.
349 2517 383 2572 E.
405 2517 498 2574 G.G.
514 2515 539 2572 l.
562 2517 636 2572 c.4.'
674 2515 737 2571 Sla—
786 2511 1303 2590 πάλιντᾷ“κλνπεε“ν”πρασηγορικῇ
1317 2513 1356 2566 ad

155 2611 211 2667 tuit
224 2627 267 2666 sc.
293 2616 383 2665 “esse
399 2611 485 2665 literae
505 2609 532 2664 N
553 2607 646 2664 finalis
666 2608 734 2664 duas
786 2605 969 2677 “vipereae''
1002 2607 1157 2685 ρηματικὸν
1187 2604 1355 2677 ἐπικείμενον

156 2716 271 2764 tautum
289 2706 468 2775 mutationes,
492 2709 613 2779 primam
628 2714 659 2762 ut
675 2714 736 2761 tan-
786 2701 834 2757 οὖν
858 2700 921 2782 ἔχει
955 2703 1076 2759 caraios
1102 2701 1157 2759 αἵδ’
1183 2702 1365 2781 εὐκέραστον,

157 2817 243 2873 quam
267 2798 301 2853 M
331 2800 527 2871 pronunciatur
554 2810 619 2855 riute
640 2796 734 2854 literas
788 2794 936 2875 τδνῆχον
957 2796 1021 2853 ἀλλ’
1040 2794 1146 2868 α’νᾶγκη
1165 2800 1353 2877 στηριχθῆναι

158 2890 278 2949 labiales
306 2890 340 2965 β,
368 2916 399 2961 μ,
421 2916 452 2961 π,
474 2902 507 2969 φ,
537 2896 584 2965 ψς
616 2892 734 2949 alteram
786 2892 826 2945 'rd
846 2916 870 2959 ν,
890 2892 934 2948 καὶ
952 2892 1117 2948 πιεσθένπαε
1136 2895 1231 2950 inustis
1247 2893 1353 2949 τούτου

158 2994 190 3041 ut
201 2986 270 3055 inp
293 2984 377 3041 abeat
397 3002 461 3041 ante
478 2986 642 3043 Gutturales
660 3011 688 3057 γ,
709 3012 734 3057 ιι,
786 2988 928 3043 α’καιιστδν
954 2986 1081 3058 γενέσθαι
1109 2990 1147 3045 τὸ
1173 3014 1204 3047 π.
1240 2988 1273 3045 αὖ
1296 2990 1352 3071 peip

158 3082 187 3156 ξ,
208 3106 243 3160 χ.
289 3081 366 3137 Ante
384 3080 455 3135 alias
472 3100 537 3137 vero
553 3090 735 3140 consonantes
786 3078 977 3139 staminum
997 3084 1040 3160 τᾷ
1061 3110 1075 3137 ν
1089 3083 1129 3137 τιν’
1145 3103 1177 3139 π·
1200 3081 1305 3139 τούτου
1322 3084 1354 3141 dd

159 3192 258 3231 omnes
278 3174 430 3231 immutata
444 3184 539 3231 munet
557 3174 643 3231 literae
659 3176 686 3231 N
703 3176 736 3231 li·
786 3180 876 3235 airaon
903 3182 921 3233 o'
940 3180 994 3235 τοῦ
1016 3178 1165 3250 στόματος
1187 3202 1354 3259 σχηματισ-

159 3266 229 3323 nelis
257 3268 460 3341 pronunciatio.
517 3269 561 3325 lta
593 3288 622 3327 v.
648 3288 675 3325 c.
706 3270 734 3325 lri
785 3273 847 3341 nde,
871 3270 939 3328 οὔτε
966 3274 1044 3329 κατα*
1072 3275 1124 3329 edu
1148 3273 1236 3330 αὐτόν
1259 3274 1352 3330 τόπον

159 3378 254 3417 versus
269 3362 299 3417 in
320 3359 447 3417 Hecubae
462 3360 602 3435 Euripidis
618 3361 735 3435 prologo
786 3367 854 3423 οὔτε
873 3366 915 3443 τᾷ
935 3366 1012 3443 αὗται
1033 3366 1132 3445 πρέπῃ
1154 3366 1211 3424 πεῖν
1224 3364 1354 3447 γραμμαί·

868 3458 875 3477 ε
927 3458 932 3476 l
1004 3462 1012 3481 ι
1040 3457 1046 3476 Ι
1184 3461 1191 3483 t
1285 3458 1292 3482 l
1346 3462 1354 3485 i

160 3502 191 3560 dr
204 3502 260 3572 τῆν
277 3500 401 3582 α’ρῖστην
419 3504 619 3581 Χερσονησὶαν
638 3505 733 3561 πλάκα
785 3468 1198 3627 ἶνὲζΐὲςνῐὲζὲἴςωιέἓ
1207 3484 1353 3629 'dzmprt

784 3647 867 3703 oemio
880 3646 1052 3722 Thucydidis
1062 3648 1185 3705 scribit.’'
1215 3650 1269 3707 Sed
1284 3668 1352 3706 mox

157 3739 198 3795 sic
218 3738 330 3815 legendi
349 3748 426 3809 sunt,
447 3738 531 3797 veluti
555 3742 579 3799 si
598 3742 732 3815 scriptum
783 3744 859 3815 (Lib.
883 3744 907 3799 l.
931 3762 955 3799 c.
979 3750 1038 3815 19.)
1065 3744 1099 3799 de
1127 3746 1352 3817 pronunciatione

158 3840 232 3889 &sel
251 3833 382 3911 α’ρίστηγ
400 3834 602 3911 Χερσονησίαμ
627 3832 732 3901 πλάκα,
785 3840 911 3895 Gammtt
927 3846 990 3893 anie
1008 3838 1144 3896 Gamma.
1172 3837 1237 3894 “ln
1258 3838 1349 3909 domiin,

157 3945 213 3983 uon
240 3936 340 3985 autem
359 3928 444 3985 etiam
469 3931 609 4005 φιλίππολ
635 3928 734 3984 aazia?
783 3928 938 3999 ἐγγεγάασι
961 3940 989 3987 et
1014 3930 1076 3989 aliis
1099 3930 1235 3987 similibus
1259 3928 1352 3985 verbis

158 4022 206 4077 An
234 4030 311 4079 recte
344 4020 445 4078 ultima
471 4022 573 4079 dixerit
599 4022 642 4077 vir
670 4040 734 4079 vere
783 4022 903 4078 dubitari
917 4039 971 4077 nou
993 4030 1083 4092 potest
1099 4024 1164 4097 quio
1184 4023 1244 4080 istae
1265 4022 1352 4081 literae

156 4113 316 4184 mirandus,
331 4114 428 4171 tabula
440 4114 584 4189 insequens
598 4116 733 4191 ostendet,
785 4122 816 4171 ut
829 4133 866 4188 ng
880 4114 1053 4188 pronunciari
1064 4116 1202 4183 debeant;
1223 4118 1277 4191 κᾶγ
1287 4118 1352 4193 γόιιι

158 4208 263 4267 Postea
288 4210 349 4265 haec
375 4210 410 4267 de
435 4211 533 4266 eadem
564 4230 593 4267 re
619 4212 733 4285 profert.
785 4221 878 4267 autem
891 4208 1002 4267 sonabit
1013 4230 1059 4285 gg,
1073 4213 1173 4269 eadem
1187 4216 1355 4290 comparati.

157 4303 241 4359 “Sed
275 4304 337 4359 haec
367 4302 470 4361 veteris
502 4303 734 4377 pronunciationis
784 4325 847 4375 one,
868 4325 924 4382 quo
941 4308 989 4375 τθ,
1010 4318 1066 4382 td,
1087 4332 1138 4387 ιχ,
1160 4320 1191 4366 ut
1210 4312 1241 4367 th
1259 4314 1302 4383 th,
1326 4314 1355 4381 ff,

157 4396 299 4471 elegantia
321 4400 467 4457 recentiori
488 4411 571 4455 aetate
587 4399 733 4475 paullatim
783 4400 819 4455 ch
833 4400 870 4457 ch
883 4402 1126 4475 pronunciantur.'’
1161 4405 1219 4461 Ubi
1228 4417 1353 4465 mentem

156 4490 269 4547 videtur
295 4491 444 4549 interiisse.
487 4490 574 4565 Cujus
602 4496 641 4549 rei
668 4511 733 4549 auc-
783 4494 835 4551 viri
848 4496 944 4571 magni
958 4496 1159 4556 haudurnniao
1172 4500 1259 4573 capio.

885 4594 921 4685 f

159 3598 280 3677 σπεῖρει,
303 3602 442 3674 φίλιππον
456 3600 526 3655 λσδν
546 3596 660 3657 eddim
674 3599 734 3677 δορὶ
