3250 5350
127 487 255 552 lusca.
281 483 338 564 V.]
683 495 751 572 129

127 669 252 740 decern
275 688 421 762 semper
449 665 559 740 fuine
577 676 688 762 putat,
715 667 776 764 qui
795 665 1034 763 proculdubio
1052 663 1320 764 magistratibus

126 797 308 892 plerisque
345 819 517 870 numerus
557 807 634 870 erat
667 797 898 871 constitutus.
967 796 1076 888 Quod
1110 795 1198 870 dicit
1229 796 1320 870 Bar·

125 928 329 1018 theiemiua,
361 927 524 1028 singulae
558 953 580 1002 e
612 928 762 1030 singuiis
791 929 959 1004 tribubus
989 928 1125 1004 elector
1159 951 1251 1014 ease,
1282 927 1321 1000 id

125 1067 287 1131 nostrum
304 1081 459 1132 marmur
475 1059 622 1132 omnino
640 1058 770 1134 falsum
786 1084 867 1135 esee
882 1058 1084 1133 confirmat.
1110 1057 1233 1132 Locus
1250 1057 1320 1132 hoc

126 1189 231 1262 nodo
250 1189 453 1262 vertendus.
486 1197 507 1226 “
520 1189 697 1264 AEantide
713 1190 808 1265 tribu
825 1190 951 1289 primur
965 1189 1152 1290 Prytanire
1166 1214 1319 1266 munere

126 1317 316 1418 fungente,
343 1321 499 1418 pecunia
526 1319 798 1396 Helienntumiis
824 1320 1047 1396 Callimacho
1064 1346 1112 1396 ex
1128 1321 1318 1422 Aguuuta

126 1446 356 1522 Phrasiteiidi
382 1447 554 1546 lcariensi
574 1460 762 1522 numerata
785 1459 853 1538 est,
876 1449 1014 1524 scilicet
1032 1460 1072 1523 ut
1094 1450 1199 1548 equia
1221 1475 1318 1526 com·

127 1588 265 1650 neatus
283 1577 476 1666 darentur;
503 1601 525 1650 e
549 1577 729 1652 Minervae
752 1577 914 1660 Πολιάδος
935 1581 1112 1654 thesauris
1129 1591 1319 1656 numerata

126 1722 205 1784 nunt
248 1711 318 1785 tria
350 1710 500 1802 talenta,
534 1711 602 1786 triu
636 1712 747 1786 millia
780 1737 862 1788 curn
895 1713 1062 1787 ducentia
1096 1723 1139 1787 et·
1167 1713 1319 1814 triginta

126 1851 259 1938 reptem
284 1841 475 1929 drachmis,
501 1839 794 1941 semioboloque3
830 1868 852 1916 e
875 1842 1056 1918 Minerroe
1078 1845 1179 1931 Νίκης
1194 1855 1317 1920 autern

126 1973 308 2060 thesauro,
336 1973 537 2072 nonaginta
566 1982 603 2046 et
633 1999 707 2046 una
735 1976 918 2050 drachmae
947 1999 1029 2049 curn
1057 1974 1172 2050 tribus
1202 1975 1317 2050 obolis

127 2105 433 2204 nmioboloque.”

196 2241 311 2316 Pm.
334 2241 350 2314 Ι
354 2242 382 2316 Ι.
422 2242 501 2318 'Fari
515 2249 575 2330 τῆς
589 2239 747 2339 Ἇιγηΐδοι
759 2239 915 2344 δευτᾶρας
929 2247 1189 2343 πρυτανευούσης
1204 2247 1317 2323 Ἄθλο-

126 2376 231 2451 θέταις
255 2371 422 2472 παρεδόθη
444 2379 476 2454 ἐς
498 2378 709 2462 Παναθήναια
731 2377 777 2449 τοὶ
800 2376 939 2471 μεγάλα
960 2383 1080 2450 Φίλωνι
1102 2376 1318 2464 Κυδαθηναιᾶ

125 2512 171 2582 rui
183 2509 423 2606 Σννᾶρχουσιν,
435 2509 605 2594 Ἀθηναίας
619 2505 780 2587 Πολιάδος
796 2518 881 2610 ῇῗΙΧ,
895 2513 1067 2606 inponi-creir
1079 2511 1153 2581 κατ’
1167 2511 1318 2587 inmunia

128 2643 259 2736 Διῦλλῳ
279 2640 413 2740 Ἐρχιοῖ
432 2645 484 2715 καὶ
508 2639 725 2739 συνάρχουσιν
752 2639 784 2718 ἐς
808 2673 871 2727 την
894 2641 1088 2733 ἑκατόμβην
1106 2646 1317 2737 ἦΗΔΗ-Η·

129 2776 244 2867 Quum
266 2799 313 2847 ex
342 2778 410 2847 hnc
437 2774 518 2847 luco
546 2773 793 2850 Panathenaea
816 2774 997 2849 celebrata
1013 2799 1092 2849 ease
1111 2775 1316 2875 Glaucippo

128 2908 309 2979 Archonte
340 2906 427 2979 eatis
446 2904 860 3008 ‚conatetGiaucippus
890 2886 1010 2981 autem
1041 2908 1188 2983 Archon
1221 2918 1316 2983 essct

127 3038 264 3137 Olymp.
283 3035 445 3125 xclle,
474 3036 656 3111 Biickhius
682 3037 768 3109 hinc
791 3062 915 3113 annam
942 3039 1038 3136 cepit
1060 3037 1315 3115 Dodwelium¹

126 3173 248 3245 merito
293 3169 594 3266 reprehendendi,
646 3170 721 3264 qui,
766 3168 1020 3267 Thucydidis*
1062 3168 1143 3243 loco
1187 3170 1315 3261 fretun,

92 3328 98 3335 ·
128 3289 372 3373 Panathenaea
397 3297 443 3369 τὰ
471 3297 614 3393 μεγάλα
643 3298 680 3370 in
708 3298 863 3371 eundern
888 3322 1022 3370 annum
1051 3321 1096 3370 nc
1124 3298 1315 3395 Olympica

125 3450 263 3524 semper
288 3427 460 3501 incidisse
485 3427 617 3500 statuit.

195 3558 305 3651 Quod
345 3558 573 3632 Athluthetas
605 3558 752 3665 attinet.
777 3559 892 3656 quaeri
926 3569 1047 3657 potest
1085 3581 1198 3657 quare
1229 3582 1313 3631 curn

124 3688 368 3763 Panathenaea
385 3668 560 3791 vigesimi)
577 3700 705 3763 octavo
723 3688 781 3761 die
798 3686 1115 3761 Hecatombaeonis
1133 3686 1314 3759 celebrata

122 3843 195 3893 esse
211 3820 300 3893 eatis
315 3819 513 3892 ostenderit
529 3816 703 3893 Coruinus
713 3821 741 3907 ³,
768 3820 804 3892 in
822 3842 954 3893 eorurn
965 3830 1126 3917 sumptus
1145 3817 1312 3915 suppedi-

123 3958 248 4030 tandos
277 3955 434 4051 pecunia
470 3956 688 4029 Athlothetis
721 3980 794 4029 non
831 3955 898 4027 nisi
933 3954 1091 4027 secunda
1127 3950 1313 4048 Prytania,

122 4108 200 4181 quae
244 4084 546 4183 Metageitnionie
586 4096 686 4158 sexto
729 4086 788 4159 die
823 4082 1013 4179 inceperit,
1049 4089 1311 4155 numeraretur.

121 4216 214 4290 Rem
231 4228 352 4291 autern
372 4217 466 4290 bene
486 4216 674 4315 explicavit
693 4215 888 4290 Biickhius.
940 4213 1162 4287 Athlothetae
1176 4208 1315 4283 scilicet

158 4410 327 4472 ¹Dodwell.
343 4412 690 4489 Ann.‘1'hucyd.adAnn.
780 4412 924 4473 sconia.
956 4410 1033 4468 Fast.
1063 4411 1127 4467 nu.
1161 4406 1244 4465 Toni.
1273 4403 1317 4465 11.

30 4524 31 4527 ’
120 4505 191 4565 XII.
211 4504 387 4581 belliPelop.
742 4528 769 4585 p.
785 4516 855 4575 357.

156 4606 169 4687 f
189 4602 319 4682 Thucyd.
335 4603 436 4671 VM.

737 4708 779 4813 R.
